@inproceedings{furui1986,
  title={Speaker-independent isolated word recognition based on emphasized spectral dynamics},
  author={Furui, Sadaoki},
  booktitle={Acoustics, Speech, and Signal Processing, IEEE International Conference on ICASSP'86.},
  volume={11},
  pages={1991--1994},
  year={1986},
  organization={IEEE}
}
@inproceedings{kumar2011,
  title={Delta-spectral cepstral coefficients for robust speech recognition},
  author={Kumar, Kshitiz and Kim, Chanwoo and Stern, Richard M},
  booktitle={Acoustics, Speech and Signal Processing (ICASSP), 2011 IEEE International Conference on},
  pages={4784--4787},
  year={2011},
  organization={IEEE}
}
@article{tripp2010,
  title={Population models of temporal differentiation},
  author={Tripp, Bryan P and Eliasmith, Chris},
  journal={Neural computation},
  volume={22},
  number={3},
  pages={621--659},
  year={2010},
  publisher={MIT Press}
}
@article{young2003,
  title={Integration-differentiation and gating of carotid afferent traffic that shapes the respiratory pattern},
  author={Young, Daniel L and Eldridge, Frederick L and Poon, Chi-Sang},
  journal={Journal of Applied Physiology},
  volume={94},
  number={3},
  pages={1213--1229},
  year={2003},
  publisher={Am Physiological Soc}
}
@article{dunn2004,
  title={A neural network model of chemotaxis predicts functions of synaptic connections in the nematode Caenorhabditis elegans},
  author={Dunn, Nathan A and Lockery, Shawn R and Pierce-Shimomura, Jonathan T and Conery, John S},
  journal={Journal of computational neuroscience},
  volume={17},
  number={2},
  pages={137--147},
  year={2004},
  publisher={Springer}
}
@article{jonas1993,
  title={Quantal components of unitary EPSCs at the mossy fibre synapse on CA3 pyramidal cells of rat hippocampus.},
  author={Jonas, Peter and Major, Guy and Sakmann, Bert},
  journal={The Journal of Physiology},
  volume={472},
  number={1},
  pages={615--663},
  year={1993},
  publisher={Wiley Online Library}
}
@article{holstein2004,
  title={Convergence of excitatory and inhibitory hair cell transmitters shapes vestibular afferent responses},
  author={Holstein, Gay R and Rabbitt, Richard D and Martinelli, Giorgio P and Friedrich, Victor L and Boyle, Richard D and Highstein, Stephen M},
  journal={Proceedings of the National Academy of Sciences of the United States of America},
  volume={101},
  number={44},
  pages={15766--15771},
  year={2004},
  publisher={National Acad Sciences}
}
@inproceedings{pellegrino2007,
  title={An information theory-based approach to the balance of complexity between phonetics, phonology and morphosyntax},
  author={Pellegrino, Fran{\c{c}}ois and Coup{\'e}, CHRISTOPHE and Marsico, EGIDIO},
  booktitle={annual meeting of the Linguistic Society of America, Anaheim, CA},
  year={2007}
}
@article{sah1990,
  title={Properties of excitatory postsynaptic currents recorded in vitro from rat hippocampal interneurones.},
  author={Sah, PANKAJ and Hestrin, S and Nicoll, RA},
  journal={The Journal of physiology},
  volume={430},
  number={1},
  pages={605--616},
  year={1990},
  publisher={Wiley Online Library}
}
@book{koch1998,
  title={Biophysics of computation: information processing in single neurons},
  author={Koch, Christof},
  year={1998},
  publisher={Oxford university press}
}
@article{bogacz2006,
  title={The physics of optimal decision making: a formal analysis of models of performance in two-alternative forced-choice tasks.},
  author={Bogacz, Rafal and Brown, Eric and Moehlis, Jeff and Holmes, Philip and Cohen, Jonathan D},
  journal={Psychological review},
  volume={113},
  number={4},
  pages={700},
  year={2006},
  publisher={American Psychological Association}
}
