@article{furber2013,
  title={Overview of the spinnaker system architecture},
  author={Furber, Steve B and Lester, David R and Plana, Luis and Garside, Jim D and Painkras, Eustace and Temple, Sally and Brown, Andrew D and others},
  journal={Computers, IEEE Transactions on},
  volume={62},
  number={12},
  pages={2454--2467},
  year={2013},
  publisher={IEEE}
}
@article{benjamin2014,
  title={Neurogrid: A mixed-analog-digital multichip system for large-scale neural simulations},
  author={Benjamin, Ben Varkey and Gao, Peiran and McQuinn, Emmett and Choudhary, Shobhit and Chandrasekaran, Anand R and Bussat, Jean-Marie and Alvarez-Icaza, Rodrigo and Arthur, John V and Merolla, Paul and Boahen, Kwabena and others},
  journal={Proceedings of the IEEE},
  volume={102},
  number={5},
  pages={699--716},
  year={2014},
  publisher={IEEE}
}
@article{khayam2003,
  title={The discrete cosine transform (DCT): theory and application},
  author={Khayam, Syed Ali},
  journal={Michigan State University},
  year={2003}
}
@book{eliasmith2004,
  title={Neural engineering: Computation, representation, and dynamics in neurobiological systems},
  author={Eliasmith, Chris and Anderson, Charles H},
  year={2004},
  publisher={MIT press}
}
@article{eliasmith2012,
  title={A large-scale model of the functioning brain},
  author={Eliasmith, Chris and Stewart, Terrence C and Choo, Xuan and Bekolay, Trevor and DeWolf, Travis and Tang, Yichuan and Rasmussen, Daniel},
  journal={science},
  volume={338},
  number={6111},
  pages={1202--1205},
  year={2012},
  publisher={American Association for the Advancement of Science}
}
@book{eliasmith2013,
  title={How to build a brain: A neural architecture for biological cognition},
  author={Eliasmith, Chris},
  year={2013},
  publisher={Oxford University Press}
}
@inproceedings{hunsberger2013,
  title={A neural model of human image categorization},
  author={Hunsberger, Eric and Blouw, Peter and Bergstra, James and Eliasmith, Chris},
  booktitle={35th Annual Conference of the Cognitive Science Society},
  pages={633--638},
  year={2013}
}
@inproceedings{blouw2013,
  title={A neurally plausible encoding of word order information into a semantic vector space},
  author={Blouw, Peter and Eliasmith, Chris},
  booktitle={35th Annual Conference of the Cognitive Science Society},
  volume={1910},
  year={2013}
}
@article{blouw2015,
  title={Concepts as semantic pointers: a framework and computational model},
  author={Blouw, Peter and Solodkin, Eugene and Thagard, Paul and Eliasmith, Chris},
  journal={Cognitive science},
  year={2015},
  publisher={Wiley Online Library}
}
@inproceedings{stewart2014,
  title={Sentence processing in spiking neurons: A biologically plausible left-corner parser},
  author={Stewart, Terrence C and Choo, Xuan and Eliasmith, Chris},
  booktitle={36th Annual Conference of the Cognitive Science Society, Quebec City},
  year={2014}
}
@article{stewart2015,
  title={Explorations in Distributed Recurrent Biological Parsing},
  author={Stewart, Terrence C and Blouw, Peter and Eliasmith, Chris}
}
@inproceedings{kroger2014,
  title={Modeling speech production using the Neural Engineering Framework},
  author={Kroger, Bernd J and Bekolay, Trevor and Eliasmith, Chris},
  booktitle={Cognitive Infocommunications (CogInfoCom), 2014 5th IEEE Conference on},
  pages={203--208},
  year={2014},
  organization={IEEE}
}
@inproceedings{birkholz2006,
  title={Construction and control of a three-dimensional vocal tract model},
  author={Birkholz, Peter and Jack{\`e}l, Dietmar and Kr{\"o}ger, Bernd J},
  booktitle={Acoustics, Speech and Signal Processing, 2006. ICASSP 2006 Proceedings. 2006 IEEE International Conference on},
  volume={1},
  pages={I--I},
  year={2006},
  organization={IEEE}
}
@article{birkholz2013,
  title={VocalTractLab 2.1 User Manual},
  author={Birkholz, Peter},
  year={2013}
}
@article{garofolo1993,
  title={DARPA TIMIT acoustic-phonetic continous speech corpus CD-ROM. NIST speech disc 1-1.1},
  author={Garofolo, John S and Lamel, Lori F and Fisher, William M and Fiscus, Jonathon G and Pallett, David S},
  journal={NASA STI/Recon Technical Report N},
  volume={93},
  pages={27403},
  year={1993}
}
@article{hogan2009,
  title={Sensitivity of smoothness measures to movement duration, amplitude, and arrests},
  author={Hogan, Neville and Sternad, Dagmar},
  journal={Journal of motor behavior},
  volume={41},
  number={6},
  pages={529--534},
  year={2009},
  publisher={Taylor \& Francis}
}
@article{macneil2011,
  title={Fine-tuning and the stability of recurrent neural networks},
  author={MacNeil, David and Eliasmith, Chris},
  journal={PloS one},
  volume={6},
  number={9},
  pages={e22885},
  year={2011},
  publisher={Public Library of Science}
}
@inproceedings{bekolay2013,
  title={Simultaneous unsupervised and supervised learning of cognitive functions in biologically plausible spiking neural networks},
  author={Bekolay, Trevor and Kolbeck, Carter and Eliasmith, Chris},
  booktitle={Proceedings of the 35th annual conference of the cognitive science society},
  pages={169--174},
  year={2013}
}
@manual{nieto-castanon2011,
  author={Alfonso Nieto-Castanon},
  title={Simulink DIVA model},
  language={English},
  version={v2011},
  organization={Speech Lab at Boston University},
  pagetotal={17},
  pubstate={December 11, 2015},
}
@article{crawford2014,
  title={Biologically plausible, human-scale knowledge representation},
  author={Crawford, Eric},
  year={2014}
}
