@article{fletcher1933,
  title={Loudness, Its Definition, Measurement and Calculation*},
  author={Fletcher, Harvey and Munson, Wilden A},
  journal={Bell System Technical Journal},
  volume={12},
  number={4},
  pages={377--430},
  year={1933},
  publisher={Wiley Online Library}
}
@article{zwicker1957,
  title={Critical band width in loudness summation},
  author={Zwicker, Eberhard and Flottorp, Georg and Stevens, Stanley Smith},
  journal={The Journal of the Acoustical Society of America},
  volume={29},
  number={5},
  pages={548--557},
  year={1957},
  publisher={Acoustical Society of America}
}
@article{moore1983,
  title={Suggested formulae for calculating auditory-filter bandwidths and excitation patterns},
  author={Moore, Brian CJ and Glasberg, Brian R},
  journal={The Journal of the Acoustical Society of America},
  volume={74},
  number={3},
  pages={750--753},
  year={1983},
  publisher={Acoustical Society of America}
}
@article{stevens1937,
  title={A scale for the measurement of the psychological magnitude pitch},
  author={Stevens, Stanley Smith and Volkmann, John and Newman, Edwin B},
  journal={The Journal of the Acoustical Society of America},
  volume={8},
  number={3},
  pages={185--190},
  year={1937},
  publisher={Acoustical Society of America}
}
@book{everest2001,
  title={The master handbook of acoustics},
  author={Everest, Frederick Alton and Pohlmann, Ken C and Books, Tab},
  volume={4},
  year={2001},
  publisher={McGraw-Hill New York}
}
@incollection{kollmeier2008,
  title={Perception of speech and sound},
  author={Kollmeier, Birger and Brand, Thomas and Meyer, Bernd},
  booktitle={Springer handbook of speech processing},
  pages={61--82},
  year={2008},
  publisher={Springer}
}
@article{haas1972,
  title={The influence of a single echo on the audibility of speech},
  author={Haas, Helmut},
  journal={Journal of the Audio Engineering Society},
  volume={20},
  number={2},
  pages={146--159},
  year={1972},
  publisher={Audio Engineering Society}
}
@article{aertsen1981,
  title={The spectro-temporal receptive field},
  author={Aertsen, AMHJ and Johannesma, PIM},
  journal={Biological cybernetics},
  volume={42},
  number={2},
  pages={133--143},
  year={1981},
  publisher={Springer}
}
@article{mesgarani2014,
  title={Phonetic feature encoding in human superior temporal gyrus},
  author={Mesgarani, Nima and Cheung, Connie and Johnson, Keith and Chang, Edward F},
  journal={Science},
  volume={343},
  number={6174},
  pages={1006--1010},
  year={2014},
  publisher={American Association for the Advancement of Science}
}
@article{kaas1999,
  title={Auditory processing in primate cerebral cortex},
  author={Kaas, Jon H and Hackett, Troy A and Tramo, Mark Jude},
  journal={Current opinion in neurobiology},
  volume={9},
  number={2},
  pages={164--170},
  year={1999},
  publisher={Elsevier}
}
@article{kaas2000,
  title={Subdivisions of auditory cortex and processing streams in primates},
  author={Kaas, Jon H and Hackett, Troy A},
  journal={Proceedings of the National Academy of Sciences},
  volume={97},
  number={22},
  pages={11793--11799},
  year={2000},
  publisher={National Acad Sciences}
}
@article{scott2003,
  title={The neuroanatomical and functional organization of speech perception},
  author={Scott, Sophie K and Johnsrude, Ingrid S},
  journal={Trends in neurosciences},
  volume={26},
  number={2},
  pages={100--107},
  year={2003},
  publisher={Elsevier}
}
@article{semple2003,
  title={Cortical mechanisms in hearing},
  author={Semple, Malcolm N and Scott, Brian H},
  journal={Current opinion in neurobiology},
  volume={13},
  number={2},
  pages={167--173},
  year={2003},
  publisher={Elsevier}
}
@article{tian2004,
  title={Processing of frequency-modulated sounds in the lateral auditory belt cortex of the rhesus monkey},
  author={Tian, Biao and Rauschecker, Josef P},
  journal={Journal of Neurophysiology},
  volume={92},
  number={5},
  pages={2993--3013},
  year={2004},
  publisher={Am Physiological Soc}
}
@article{kowalski1995,
  title={Comparison of responses in the anterior and primary auditory fields of the ferret cortex},
  author={Kowalski, Nina and Versnel, Huib and Shamma, Shihab A},
  journal={Journal of Neurophysiology},
  volume={73},
  number={4},
  pages={1513--1523},
  year={1995},
  publisher={Am Physiological Soc}
}
@article{theunissen2000,
  title={Spectral-temporal receptive fields of nonlinear auditory neurons obtained using natural sounds},
  author={  journal={The Journal of Neuroscience},
  volume={2
  number={6},

  year={2000},
 publisher={Soc Neuroscience}
}
@article{escabi2002,
  title={Nonlinear spectrotemporal sound analysis by neurons in the auditory midbrain},
  author={Escab{\i}, Monty A and Schreiner, Christoph E},
  journal={The Journal of neuroscience},
  volume={22},
  number={10},
  pages={4114--4131},
  year={2002},
  publisher={Soc Neuroscience}
}
@article{davis1952,
  title={Automatic recognition of spoken digits},
  author={Davis, KH and Biddulph, R and Balashek, Stephen},
  journal={The Journal of the Acoustical Society of America},
  volume={24},
  number={6},
  pages={637--642},
  year={1952},
  publisher={Acoustical Society of America}
}
@article{gales2008,
  title={The application of hidden Markov models in speech recognition},
  author={Gales, Mark and Young, Steve},
  journal={Foundations and trends in signal processing},
  volume={1},
  number={3},
  pages={195--304},
  year={2008},
  publisher={Now Publishers Inc.}
}
@article{rabiner1989,
  title={A tutorial on hidden Markov models and selected applications in speech recognition},
  author={Rabiner, Lawrence R},
  journal={Proceedings of the IEEE},
  volume={77},
  number={2},
  pages={257--286},
  year={1989},
  publisher={IEEE}
}
@article{huang2014,
  title={A historical perspective of speech recognition},
  author={Huang, Xuedong and Baker, James and Reddy, Raj},
  journal={Communications of the ACM},
  volume={57},
  number={1},
  pages={94--103},
  year={2014},
  publisher={ACM}
}
@article{lee1989,
  title={Speaker-independent phone recognition using hidden Markov models},
  author={Lee, Kai-Fu and Hon, Hsiao-Wuen},
  journal={Acoustics, Speech and Signal Processing, IEEE Transactions on},
  volume={37},
  number={11},
  pages={1641--1648},
  year={1989},
  publisher={IEEE}
}
@inproceedings{lamel1993,
  title={High performance speaker-independent phone recognition using {CDHMM}.},
  author={Lamel, Lori and Gauvain, Jean-Luc},
  booktitle={EUROSPEECH},
  volume={93},
  pages={121--124},
  year={1993}
}
@article{lopes2011,
  title={Phone recognition on the TIMIT database},
  author={Lopes, Carla and Perdig{\~a}o, Fernando},
  journal={Speech Technologies/Book},
  volume={1},
  pages={285--302},
  year={2011}
}
@inproceedings{graves2013,
  title={Speech recognition with deep recurrent neural networks},
  author={Graves, Alan and Mohamed, Abdel-rahman and Hinton, Geoffrey},
  booktitle={Acoustics, Speech and Signal Processing (ICASSP), 2013 IEEE International Conference on},
  pages={6645--6649},
  year={2013},
  organization={IEEE}
}
@article{hinton2012,
  title={Deep neural networks for acoustic modeling in speech recognition: The shared views of four research groups},
  author={Hinton, Geoffrey and Deng, Li and Yu, Dong and Dahl, George E and Mohamed, Abdel-rahman and Jaitly, Navdeep and Senior, Andrew and Vanhoucke, Vincent and Nguyen, Patrick and Sainath, Tara N and others},
  journal={Signal Processing Magazine, IEEE},
  volume={29},
  number={6},
  pages={82--97},
  year={2012},
  publisher={IEEE}
}
@article{hunsberger2015,
  title={Spiking Deep Networks with LIF Neurons},
  author={Hunsberger, Eric and Eliasmith, Chris},
  journal={arXiv preprint arXiv:1510.08829},
  year={2015}
}
@article{ni2014,
  title={Modelling Cochlear Mechanics},
  author={Ni, Guangjian and Elliott, Stephen J and Ayat, Mohammad and Teal, Paul D},
  journal={BioMed research international},
  volume={2014},
  year={2014},
  publisher={Hindawi Publishing Corporation}
}
@article{fontaine2011,
  title={Brian hears: online auditory processing using vectorization over channels},
  author={Fontaine, Bertrand and Goodman, Dan FM and Benichoux, Victor and Brette, Romain},
  journal={Frontiers in neuroinformatics},
  volume={5},
  year={2011},
  publisher={Frontiers Media SA}
}
@article{lopez2005,
  title={Spectral processing by the peripheral auditory system: facts and models},
  author={Lopez-Poveda, Enrique A},
  journal={International review of neurobiology},
  volume={70},
  pages={7--48},
  year={2005},
  publisher={Elsevier}
}
@inproceedings{lyon2010,
  title={History and future of auditory filter models},
  author={Lyon, Richard F and Katsiamis, Andreas G and Drakakis, Emmanuel M},
  booktitle={Circuits and Systems (ISCAS), Proceedings of 2010 IEEE International Symposium on},
  pages={3809--3812},
  year={2010},
  organization={IEEE}
}
@book{roach2010,
  title={English Phonetics and Phonology Fourth Edition: A Practical Course},
  author={Roach, Peter},
  year={2010},
  publisher={Ernst Klett Sprachen}
}
@article{browman1989,
  title={Articulatory gestures as phonological units},
  author={Browman, Catherine P and Goldstein, Louis},
  journal={Phonology},
  volume={6},
  number={02},
  pages={201--251},
  year={1989},
  publisher={Cambridge Univ Press}
}
@book{wells1982,
  title={Accents of English},
  author={Wells, John C},
  volume={1},
  year={1982},
  publisher={Cambridge University Press}
}
@inproceedings{kroger1993,
  title={A gestural approach for controlling an articulatory speech synthesizer},
  author={Kr{\"o}ger, Bernd J},
  booktitle={Third European Conference on Speech Communication and Technology},
  year={1993}
}
@article{otake1993,
  title={Mora or syllable? Speech segmentation in Japanese},
  author={Otake, Takashi and Hatano, Giyoo and Cutler, Anne and Mehler, Jacques},
  journal={Journal of memory and language},
  volume={32},
  number={2},
  pages={258--278},
  year={1993},
  publisher={Elsevier}
}
@article{flinker2015,
  title={Redefining the role of Broca’s area in speech},
  author={Flinker, Adeen and Korzeniewska, Anna and Shestyuk, Avgusta Y and Franaszczuk, Piotr J and Dronkers, Nina F and Knight, Robert T and Crone, Nathan E},
  journal={Proceedings of the National Academy of Sciences},
  volume={112},
  number={9},
  pages={2871--2875},
  year={2015},
  publisher={National Acad Sciences}
}
@article{tresch2009,
  title={The case for and against muscle synergies},
  author={Tresch, Matthew C and Jarc, Anthony},
  journal={Current opinion in neurobiology},
  volume={19},
  number={6},
  pages={601--607},
  year={2009},
  publisher={Elsevier}
}
@article{smith2004,
  title={Development of functional synergies for speech motor coordination in childhood and adolescence},
  author={Smith, Anne and Zelaznik, Howard N},
  journal={Developmental psychobiology},
  volume={45},
  number={1},
  pages={22--33},
  year={2004},
  publisher={Wiley Online Library}
}
@article{smith2006,
  title={Speech motor development: Integrating muscles, movements, and linguistic units},
  author={Smith, Anne},
  journal={Journal of communication disorders},
  volume={39},
  number={5},
  pages={331--349},
  year={2006},
  publisher={Elsevier}
}
@article{bouchard2013,
  title={Functional organization of human sensorimotor cortex for speech articulation},
  author={Bouchard, Kristofer E and Mesgarani, Nima and Johnson, Keith and Chang, Edward F},
  journal={Nature},
  volume={495},
  number={7441},
  pages={327--332},
  year={2013},
  publisher={Nature Publishing Group}
}
@article{breshears2015,
  title={A probabilistic map of the human ventral sensorimotor cortex using electrical stimulation},
  author={Breshears, Jonathan D and Molinaro, Annette M and Chang, Edward F},
  journal={Journal of neurosurgery},
  pages={1--10},
  year={2015},
  publisher={American Association of Neurological Surgeons}
}
@article{dewolf2010,
  title={NOCH: A framework for biologically plausible models of neural motor control},
  author={DeWolf, Travis},
  year={2010}
}
@article{wildgruber2001,
  title={Differential contributions of motor cortex, basal ganglia, and cerebellum to speech motor control: effects of syllable repetition rate evaluated by fMRI},
  author={Wildgruber, D and Ackermann, H and Grodd, W},
  journal={Neuroimage},
  volume={13},
  number={1},
  pages={101--109},
  year={2001},
  publisher={Elsevier}
}
@article{brown2009,
  title={The somatotopy of speech: phonation and articulation in the human motor cortex},
  author={Brown, Steven and Laird, Angela R and Pfordresher, Peter Q and Thelen, Sarah M and Turkeltaub, Peter and Liotti, Mario},
  journal={Brain and cognition},
  volume={70},
  number={1},
  pages={31--41},
  year={2009},
  publisher={Elsevier}
}
@article{ackermann2004,
  title={The contribution of the insula to motor aspects of speech production: a review and a hypothesis},
  author={Ackermann, Hermann and Riecker, Axel},
  journal={Brain and language},
  volume={89},
  number={2},
  pages={320--328},
  year={2004},
  publisher={Elsevier}
}
@book{ivry1998,
  title={The two sides of perception},
  author={Ivry, Richard B and Robertson, Lynn C},
  year={1998},
  publisher={MIT Press}
}
@article{kuhl2008,
  title={Phonetic learning as a pathway to language: new data and native language magnet theory expanded (NLM-e)},
  author={Kuhl, Patricia K and Conboy, Barbara T and Coffey-Corina, Sharon and Padden, Denise and Rivera-Gaxiola, Maritza and Nelson, Tobey},
  journal={Philosophical Transactions of the Royal Society B: Biological Sciences},
  volume={363},
  number={1493},
  pages={979--1000},
  year={2008},
  publisher={The Royal Society}
}
@article{hurford1991,
  title={The evolution of the critical period for language acquisition},
  author={Hurford, James R},
  journal={Cognition},
  volume={40},
  number={3},
  pages={159--201},
  year={1991},
  publisher={Elsevier}
}
@article{bolhuis2010,
  title={Twitter evolution: converging mechanisms in birdsong and human speech},
  author={Bolhuis, Johan J and Okanoya, Kazuo and Scharff, Constance},
  journal={Nature Reviews Neuroscience},
  volume={11},
  number={11},
  pages={747--759},
  year={2010},
  publisher={Nature Publishing Group}
}
@article{houde1998,
  title={Sensorimotor adaptation in speech production},
  author={Houde, John F and Jordan, Michael I},
  journal={Science},
  volume={279},
  number={5354},
  pages={1213--1216},
  year={1998},
  publisher={American Association for the Advancement of Science}
}
@article{hickok2007,
  title={The cortical organization of speech processing},
  author={Hickok, Gregory and Poeppel, David},
  journal={Nature Reviews Neuroscience},
  volume={8},
  number={5},
  pages={393--402},
  year={2007},
  publisher={Nature Publishing Group}
}
@article{ungerleider1982,
  title={Two cortical visual systems},
  author={Ungerleider, Leslie G},
  journal={Analysis of visual behavior},
  pages={549--586},
  year={1982},
  publisher={MIT press}
}
@article{andersen1997,
  title={Multimodal integration for the representation of space in the posterior parietal cortex},
  author={Andersen, Richard A},
  journal={Philosophical Transactions of the Royal Society B: Biological Sciences},
  volume={352},
  number={1360},
  pages={1421--1428},
  year={1997},
  publisher={The Royal Society}
}
@article{rizzolatti1997,
  title={Parietal cortex: from sight to action},
  author={Rizzolatti, Giacomo and Fogassi, Leonardo and Gallese, Vittorio},
  journal={Current opinion in neurobiology},
  volume={7},
  number={4},
  pages={562--567},
  year={1997},
  publisher={Elsevier}
}
@article{rizzolatti2003,
  title={Two different streams form the dorsal visual system: anatomy and functions},
  author={Rizzolatti, Giacomo and Matelli, Massimo},
  journal={Experimental Brain Research},
  volume={153},
  number={2},
  pages={146--157},
  year={2003},
  publisher={Springer}
}
@article{schmidt1975,
  title={A schema theory of discrete motor skill learning.},
  author={Schmidt, Richard A},
  journal={Psychological review},
  volume={82},
  number={4},
  pages={225},
  year={1975},
  publisher={American Psychological Association}
}
@article{doyon2003,
  title={Distinct contribution of the cortico-striatal and cortico-cerebellar systems to motor skill learning},
  author={Doyon, Julien and Penhune, Virginia and Ungerleider, Leslie G},
  journal={Neuropsychologia},
  volume={41},
  number={3},
  pages={252--262},
  year={2003},
  publisher={Elsevier}
}
@article{hickok2009,
  title={Area Spt in the human planum temporale supports sensory-motor integration for speech processing},
  author={Hickok, Gregory and Okada, Kayoko and Serences, John T},
  journal={Journal of Neurophysiology},
  volume={101},
  number={5},
  pages={2725--2732},
  year={2009},
  publisher={Am Physiological Soc}
}
@article{cogan2014,
  title={Sensory-motor transformations for speech occur bilaterally},
  author={Cogan, Gregory B and Thesen, Thomas and Carlson, Chad and Doyle, Werner and Devinsky, Orrin and Pesaran, Bijan},
  journal={Nature},
  volume={507},
  number={7490},
  pages={94--98},
  year={2014},
  publisher={Nature Publishing Group}
}
@article{liberman1985,
  title={The motor theory of speech perception revised},
  author={Liberman, Alvin M and Mattingly, Ignatius G},
  journal={Cognition},
  volume={21},
  number={1},
  pages={1--36},
  year={1985},
  publisher={Elsevier}
}
@article{galantucci2006,
  title={The motor theory of speech perception reviewed},
  author={Galantucci, Bruno and Fowler, Carol A and Turvey, Michael T},
  journal={Psychonomic bulletin \& review},
  volume={13},
  number={3},
  pages={361--377},
  year={2006},
  publisher={Springer}
}
@article{mcgurk1976,
  title={Hearing lips and seeing voices},
  author={McGurk, Harry and MacDonald, John},
  year={1976},
  publisher={Nature Publishing Group}
}
@article{fowler2003,
  title={Rapid access to speech gestures in perception: Evidence from choice and simple response time tasks},
  author={Fowler, Carol A and Brown, Julie M and Sabadini, Laura and Weihing, Jeffrey},
  journal={Journal of Memory and Language},
  volume={49},
  number={3},
  pages={396--413},
  year={2003},
  publisher={Elsevier}
}
@article{king2007,
  title={Speech production knowledge in automatic speech recognition},
  author={King, Simon and Frankel, Joe and Livescu, Karen and McDermott, Erik and Richmond, Korin and Wester, Mirjam},
  journal={The Journal of the Acoustical Society of America},
  volume={121},
  number={2},
  pages={723--742},
  year={2007},
  publisher={Acoustical Society of America}
}
@article{westbury1990,
  title={X-ray microbeam speech production database},
  author={Westbury, John and Milenkovic, Paul and Weismer, Gary and Kent, Raymond},
  journal={The Journal of the Acoustical Society of America},
  volume={88},
  number={S1},
  pages={S56--S56},
  year={1990},
  publisher={Acoustical Society of America}
}
@article{wrench2000,
  title={A Multi-Channel/Multi-Speaker Articulatory Database for Continuous Speech Recognition Research.},
  author={Wrench, Alan A},
  journal={Phonus.},
  volume={5},
  pages={1--13},
  year={2000}
}
@article{steiner2012,
  title={The magnetic resonance imaging subset of the mngu0 articulatory corpus},
  author={Steiner, Ingmar and Richmond, Korin and Marshall, Ian and Gray, Calum D},
  journal={The Journal of the Acoustical Society of America},
  volume={131},
  number={2},
  pages={EL106--EL111},
  year={2012},
  publisher={Acoustical Society of America}
}
@article{zlokarnik1995,
  title={Adding articulatory features to acoustic features for automatic speech recognition},
  author={Zlokarnik, Igor},
  journal={The Journal of the Acoustical Society of America},
  volume={97},
  number={5},
  pages={3246--3246},
  year={1995},
  publisher={Acoustical Society of America}
}
@inproceedings{eide2001,
  title={Distinctive features for use in an automatic speech recognition system.},
  author={Eide, Ellen},
  booktitle={INTERSPEECH},
  pages={1613--1616},
  year={2001}
}
@article{kirchhoff2002,
  title={Combining acoustic and articulatory feature information for robust speech recognition},
  author={Kirchhoff, Katrin and Fink, Gernot A and Sagerer, Gerhard},
  journal={Speech Communication},
  volume={37},
  number={3},
  pages={303--319},
  year={2002},
  publisher={Elsevier}
}
@inproceedings{stephenson2000,
  title={Automatic speech recognition using dynamic bayesian networks with both acoustic and articulatory variables},
  author={Stephenson, Todd A and Bourlard, Herv{\'e} and Bengio, Samy and Morris, Andrew C},
  booktitle={IN 6TH INTERNATIONAL CONFERENCE ON SPOKEN LANGUAGE PROCESSING: ICSLP 2000 (INTERSPEECH 2000},
  year={2000},
  organization={Citeseer}
}
@article{stephenson2004,
  title={Speech recognition with auxiliary information},
  author={Stephenson, Todd and Doss, Mathew Magimai and Bourlard, Herv{\'e} and others},
  journal={Speech and Audio Processing, IEEE Transactions on},
  volume={12},
  number={3},
  pages={189--203},
  year={2004},
  publisher={IEEE}
}
@inproceedings{uria2011,
  title={A deep neural network for acoustic-articulatory speech inversion},
  author={Uria, Benigno and Renals, Steve and Richmond, Korin},
  booktitle={NIPS 2011 Workshop on Deep Learning and Unsupervised Feature Learning},
  year={2011}
}
@article{richmond2009,
  title={Preliminary inversion mapping results with a new EMA corpus},
  author={Richmond, Korin},
  year={2009}
}
@inproceedings{zhuang2008,
  title={The entropy of the articulatory phonological code: recognizing gestures from tract variables.},
  author={Zhuang, Xiaodan and Nam, Hosung and Hasegawa-Johnson, Mark and Goldstein, Louis M and Saltzman, Elliot},
  booktitle={Interspeech},
  pages={1489--1492},
  year={2008}
}
@inproceedings{zhuang2009,
  title={Articulatory phonological code for word classification.},
  author={Zhuang, Xiaodan and Nam, Hosung and Hasegawa-Johnson, Mark and Goldstein, Louis and Saltzman, Elliot},
  booktitle={INTERSPEECH},
  pages={2763--2766},
  year={2009}
}
@inproceedings{nam2010,
  title={A procedure for estimating gestural scores from natural speech.},
  author={Nam, Hosung and Mitra, Vikramjit and Tiede, Mark and Saltzman, Elliot and Goldstein, Louis and Espy-Wilson, Carol Y and Hasegawa-Johnson, Mark},
  booktitle={INTERSPEECH},
  pages={30--33},
  year={2010}
}
@article{nam2012,
  title={A procedure for estimating gestural scores from speech acoustics},
  author={Nam, Hosung and Mitra, Vikramjit and Tiede, Mark and Hasegawa-Johnson, Mark and Espy-Wilson, Carol and Saltzman, Elliot and Goldstein, Louis},
  journal={The Journal of the Acoustical Society of America},
  volume={132},
  number={6},
  pages={3980--3989},
  year={2012},
  publisher={Acoustical Society of America}
}
@article{guenther1995,
  title={Speech sound acquisition, coarticulation, and rate effects in a neural network model of speech production.},
  author={Guenther, Frank H},
  journal={Psychological review},
  volume={102},
  number={3},
  pages={594},
  year={1995},
  publisher={American Psychological Association}
}
@article{guenther2004,
  title={A neural model of speech production and its application to studies of the role of auditory feedback in speech},
  author={Guenther, Frank H and Perkell, Joseph S and Maassen, B and Kent, RD and Peters, HFM and van Lieshout, PHHM and Hulstijn, W},
  journal={Speech motor control in normal and disordered speech},
  pages={29--49},
  year={2004}
}
@article{guenther2006,
  title={Cortical interactions underlying the production of speech sounds},
  author={Guenther, Frank H},
  journal={Journal of communication disorders},
  volume={39},
  number={5},
  pages={350--365},
  year={2006},
  publisher={Elsevier}
}
@article{guenther2006a,
  title={Neural modeling and imaging of the cortical interactions underlying syllable production},
  author={Guenther, Frank H and Ghosh, Satrajit S and Tourville, Jason A},
  journal={Brain and language},
  volume={96},
  number={3},
  pages={280--301},
  year={2006},
  publisher={Elsevier}
}
@inproceedings{guenther2003,
  title={A model of cortical and cerebellar function in speech},
  author={Guenther, Frank H and Ghosh, Satrajit S},
  booktitle={Proceedings of the XVth international congress of phonetic sciences},
  pages={169--173},
  year={2003}
}
@article{nieto2005,
  title={A modeling investigation of articulatory variability and acoustic stability during American English/r/production},
  author={Nieto-Castanon, Alfonso and Guenther, Frank H and Perkell, Joseph S and Curtin, Hugh D},
  journal={The Journal of the Acoustical Society of America},
  volume={117},
  number={5},
  pages={3196--3212},
  year={2005},
  publisher={Acoustical Society of America}
}
@article{kroger2009,
  title={Towards a neurocomputational model of speech production and perception},
  author={Kr{\"o}ger, Bernd J and Kannampuzha, Jim and Neuschaefer-Rube, Christiane},
  journal={Speech Communication},
  volume={51},
  number={9},
  pages={793--809},
  year={2009},
  publisher={Elsevier}
}
@article{kohonen1982,
  title={Self-organized formation of topologically correct feature maps},
  author={Kohonen, Teuvo},
  journal={Biological cybernetics},
  volume={43},
  number={1},
  pages={59--69},
  year={1982},
  publisher={Springer}
}
@article{kohonen2007,
  title={Kohonen network},
  author={Kohonen, Teuvo and Honkela, Timo},
  journal={Scholarpedia},
  volume={2},
  number={1},
  pages={1568},
  year={2007}
}
@article{troyer2000,
  title={An associational model of birdsong sensorimotor learning II. Temporal hierarchies and the learning of song sequence},
  author={Troyer, Todd W and Doupe, Allison J},
  journal={Journal of Neurophysiology},
  volume={84},
  number={3},
  pages={1224--1239},
  year={2000},
  publisher={Am Physiological Soc}
}
@article{drew2003,
  title={Model of song selectivity and sequence generation in area HVc of the songbird},
  author={Drew, Patrick J and Abbott, LF},
  journal={Journal of neurophysiology},
  volume={89},
  number={5},
  pages={2697--2706},
  year={2003},
  publisher={Am Physiological Soc}
}
@article{fee2004,
  title={Neural mechanisms of vocal sequence generation in the songbird},
  author={Fee, Michale S and KOZHEVNIKOV, ALEXAY A and HAHNLOSER, RICHARD HR},
  journal={Annals of the New York Academy of Sciences},
  volume={1016},
  number={1},
  pages={153--170},
  year={2004},
  publisher={Wiley Online Library}
}
@article{fee2010,
  title={The songbird as a model for the generation and learning of complex sequential behaviors},
  author={Fee, Michale S and Scharff, Constance},
  journal={ILAR journal},
  volume={51},
  number={4},
  pages={362--377},
  year={2010},
  publisher={Oxford University Press}
}
@article{choo2010,
  title={The ordinal serial encoding model: serial memory in spiking neurons},
  author={Choo, Feng-Xuan},
  year={2010}
}
@article{nam2004,
  title={TADA: An enhanced, portable Task Dynamics model in MATLAB},
  author={Nam, Hosung and Goldstein, Louis and Saltzman, Elliot and Byrd, Dani},
  journal={The Journal of the Acoustical Society of America},
  volume={115},
  number={5},
  pages={2430--2430},
  year={2004},
  publisher={Acoustical Society of America}
}
@article{saltzman1987,
  title={Skilled actions: a task-dynamic approach.},
  author={Saltzman, Elliot and Kelso, JA},
  journal={Psychological review},
  volume={94},
  number={1},
  pages={84},
  year={1987},
  publisher={American Psychological Association}
}
@article{saltzman1989,
  title={A dynamical approach to gestural patterning in speech production},
  author={Saltzman, Elliot L and Munhall, Kevin G},
  journal={Ecological psychology},
  volume={1},
  number={4},
  pages={333--382},
  year={1989},
  publisher={Taylor \& Francis}
}
@inproceedings{hanson1999,
  title={Development of rules for controlling the HLsyn speech synthesizer},
  author={Hanson, Helen M and McGowan, Richard S and Stevens, Kenneth N and Beaudoin, Robert E},
  booktitle={Acoustics, Speech, and Signal Processing, 1999. Proceedings., 1999 IEEE International Conference on},
  volume={1},
  pages={85--88},
  year={1999},
  organization={IEEE}
}
@article{saltzman2000,
  title={Task-dynamics of gestural timing: Phase windows and multifrequency rhythms},
  author={Saltzman, Elliot and Byrd, Dani},
  journal={Human Movement Science},
  volume={19},
  number={4},
  pages={499--526},
  year={2000},
  publisher={Elsevier}
}
@inproceedings{nam2003,
  title={A competitive, coupled oscillator model of syllable structure},
  author={Nam, Hosung and Saltzman, Elliot},
  booktitle={Proceedings of the 15th international congress of phonetic sciences},
  volume={1},
  pages={2253--2256},
  year={2003}
}
@article{goldstein2009,
  title={Coupled oscillator planning model of speech timing and syllable structure},
  author={Goldstein, Louis and Nam, Hosung and Saltzman, Elliot and Chitoran, Ioana},
  journal={Frontiers in phonetics and speech science},
  pages={239--250},
  year={2009},
  publisher={Commercial Press Beijing}
}
@article{dewolf2015,
  title={A neural model of the motor control system},
  author={DeWolf, Travis},
  year={2015}
}
@article{slotine1987,
  title={On the adaptive control of robot manipulators},
  author={Slotine, Jean-Jacques E and Li, Weiping},
  journal={The international journal of robotics research},
  volume={6},
  number={3},
  pages={49--59},
  year={1987},
  publisher={Sage Publications}
}
@inproceedings{mitra2014,
  title={Articulatory features from deep neural networks and their role in speech recognition},
  author={Mitra, Ved and Sivaraman, Gangadharan and Nam, Hosung and Espy-Wilson, Carol and Saltzman, Elliot},
  booktitle={Acoustics, Speech and Signal Processing (ICASSP), 2014 IEEE International Conference on},
  pages={3017--3021},
  year={2014},
  organization={IEEE}
}
@inproceedings{mitra2012,
  title={Normalized amplitude modulation features for large vocabulary noise-robust speech recognition},
  author={Mitra, Vikramjit and Franco, Horacio and Graciarena, Martin and Mandal, Arindam},
  booktitle={Acoustics, Speech and Signal Processing (ICASSP), 2012 IEEE International Conference on},
  pages={4117--4120},
  year={2012},
  organization={IEEE}
}
@inproceedings{mlich2008,
  title={Trajectory classification based on hidden markov models},
  author={Ml{\i}ch, Jozef and Chmelar, Petr},
  booktitle={Proceedings of 18th International Conference on Computer Graphics and Vision},
  pages={101--105},
  year={2008}
}
@article{nascimento2010,
  title={Trajectory classification using switched dynamical hidden Markov models},
  author={Nascimento, Jacinto C and Figueiredo, M{\'a}rio AT and Marques, Jorge S},
  journal={Image Processing, IEEE Transactions on},
  volume={19},
  number={5},
  pages={1338--1348},
  year={2010},
  publisher={IEEE}
}
@article{mitra2007,
  title={Gesture recognition: A survey},
  author={Mitra, Sushmita and Acharya, Tinku},
  journal={Systems, Man, and Cybernetics, Part C: Applications and Reviews, IEEE Transactions on},
  volume={37},
  number={3},
  pages={311--324},
  year={2007},
  publisher={IEEE}
}
@article{weinland2011,
  title={A survey of vision-based methods for action representation, segmentation and recognition},
  author={Weinland, Daniel and Ronfard, Remi and Boyer, Edmond},
  journal={Computer Vision and Image Understanding},
  volume={115},
  number={2},
  pages={224--241},
  year={2011},
  publisher={Elsevier}
}
@article{rautaray2015,
  title={Vision based hand gesture recognition for human computer interaction: a survey},
  author={Rautaray, Siddharth S and Agrawal, Anupam},
  journal={Artificial Intelligence Review},
  volume={43},
  number={1},
  pages={1--54},
  year={2015},
  publisher={Springer}
}
@article{kiliboz2015,
  title={A hand gesture recognition technique for human--computer interaction},
  author={K{\i}l{\i}boz, Nurettin {\c{C}}a{\u{g}}r{\i} and G{\"u}d{\"u}kbay, U{\u{g}}ur},
  journal={Journal of Visual Communication and Image Representation},
  volume={28},
  pages={97--104},
  year={2015},
  publisher={Elsevier}
}
@inproceedings{quiroga2013,
  title={A novel competitive neural classifier for gesture recognition with small training sets},
  author={Quiroga, Facundo and Corbal{\'a}n, Leonardo},
  booktitle={XVIII Congreso Argentino de Ciencias de la Computaci{\'o}n (CACIC)},
  year={2013}
}
@article{caramiaux2014,
  title={Adaptive gesture recognition with variation estimation for interactive systems},
  author={Caramiaux, Baptiste and Montecchio, Nicola and Tanaka, Atau and Bevilacqua, Fr{\'e}d{\'e}ric},
  journal={ACM Transactions on Interactive Intelligent Systems (TiiS)},
  volume={4},
  number={4},
  pages={18},
  year={2014},
  publisher={ACM}
}
@incollection{bevilacqua2010,
  title={Continuous realtime gesture following and recognition},
  author={Bevilacqua, Fr{\'e}d{\'e}ric and Zamborlin, Bruno and Sypniewski, Anthony and Schnell, Norbert and Gu{\'e}dy, Fabrice and Rasamimanana, Nicolas},
  booktitle={Gesture in embodied communication and human-computer interaction},
  pages={73--84},
  year={2010},
  publisher={Springer}
}
@incollection{bevilacqua2011,
  title={Online gesture analysis and control of audio processing},
  author={Bevilacqua, Fr{\'e}d{\'e}ric and Schnell, Norbert and Rasamimanana, Nicolas and Zamborlin, Bruno and Gu{\'e}dy, Fabrice},
  booktitle={Musical Robots and Interactive Multimodal Systems},
  pages={127--142},
  year={2011},
  publisher={Springer}
}
@inproceedings{ng2005,
  title={Continuous time particle filtering},
  author={Ng, Brenda and Pfeffer, Avi and Dearden, Richard},
  booktitle={International joint conference on artificial intelligence},
  volume={19},
  pages={1360},
  year={2005},
  organization={LAWRENCE ERLBAUM ASSOCIATES LTD}
}
@article{buesing2011,
  title={Neural dynamics as sampling: a model for stochastic computation in recurrent networks of spiking neurons},
  author={Buesing, Lars and Bill, Johannes and Nessler, Bernhard and Maass, Wolfgang},
  journal={PLoS Comput. Biol},
  volume={7},
  number={11},
  pages={e1002211},
  year={2011}
}
