@article{milo2010,
  title={BioNumbersâ€”the database of key numbers in molecular and cell biology},
  author={Milo, Ron and Jorgensen, Paul and Moran, Uri and Weber, Griffin and Springer, Michael},
  journal={Nucleic acids research},
  volume={38},
  number={suppl 1},
  pages={D750--D753},
  year={2010},
  publisher={Oxford Univ Press}
}
@article{smiley2013,
  title={Hemispheric asymmetry of primary auditory cortex and Heschl's gyrus in schizophrenia and nonpsychiatric brains},
  author={Smiley, John F and Hackett, Troy A and Preuss, Todd M and Bleiwas, Cynthia and Figarsky, Khadija and Mann, J John and Rosoklija, Gorazd and Javitt, Daniel C and Dwork, Andrew J},
  journal={Psychiatry Research: Neuroimaging},
  volume={214},
  number={3},
  pages={435--443},
  year={2013},
  publisher={Elsevier}
}
@article{needleman1970,
  title={A general method applicable to the search for similarities in the amino acid sequence of two proteins},
  author={Needleman, Saul B and Wunsch, Christian D},
  journal={Journal of molecular biology},
  volume={48},
  number={3},
  pages={443--453},
  year={1970},
  publisher={Elsevier}
}
