@inproceedings{johannesma1972,
  title={The pre-response stimulus ensemble of neurons in the cochlear nucleus},
  author={Johannesma, Peter IM},
  booktitle={Symposium on Hearing Theory},
  pages={58--69},
  year={1972},
  organization={IPO Eindhoven, Holland}
}
@article{deboer1975,
  title={Synthetic whole-nerve action potentials for the cat},
  author={De Boer, E},
  journal={The Journal of the Acoustical Society of America},
  volume={58},
  number={5},
  pages={1030--1045},
  year={1975},
  publisher={Acoustical Society of America}
}
@article{patterson1976,
  title={Auditory filter shapes derived with noise stimuli},
  author={Patterson, Roy D},
  journal={The Journal of the Acoustical Society of America},
  volume={59},
  number={3},
  pages={640--654},
  year={1976},
  publisher={Acoustical Society of America}
}
@article{patterson1992,
  title={Auditory models as preprocessors for speech recognition},
  author={Patterson, Roy D and Holdsworth, John and Allerhand, Michael},
  journal={The Auditory Processing of Speech: from Auditory Periphery to Words},
  pages={67--89},
  year={1992},
  publisher={Mouton de Gruyler, Berlin}
}
@article{slaney1993,
  title={An efficient implementation of the Patterson-Holdsworth auditory filter bank},
  author={Slaney, Malcolm and others},
  journal={Apple Computer, Perception Group, Tech. Rep},
  volume={35},
  pages={8},
  year={1993}
}
@article{unoki2001,
  title={Improvement of an IIR asymmetric compensation gammachirp filter},
  author={Unoki, Masashi and Irino, Toshio and Patterson, Roy D},
  journal={Acoustical Science and Technology},
  volume={22},
  number={6},
  pages={429--433},
  year={2001}
}
@article{irino1997,
  title={A time-domain, level-dependent auditory filter: The gammachirp},
  author={Irino, Toshio and Patterson, Roy D},
  journal={The Journal of the Acoustical Society of America},
  volume={101},
  number={1},
  pages={412--419},
  year={1997},
  publisher={Acoustical Society of America}
}
@article{lopez2001,
  title={A human nonlinear cochlear filterbank},
  author={Lopez-Poveda, Enrique A and Meddis, Ray},
  journal={The Journal of the Acoustical Society of America},
  volume={110},
  number={6},
  pages={3107--3118},
  year={2001},
  publisher={Acoustical Society of America}
}
@article{meddis2001,
  title={A computational algorithm for computing nonlinear auditory frequency selectivity},
  author={Meddis, Ray and Oâ€™Mard, Lowel P and Lopez-Poveda, Enrique A},
  journal={The Journal of the Acoustical Society of America},
  volume={109},
  number={6},
  pages={2852--2861},
  year={2001},
  publisher={Acoustical Society of America}
}
@article{irino2006,
  title={A dynamic compressive gammachirp auditory filterbank},
  author={Irino, Toshio and Patterson, Roy D},
  journal={Audio, Speech, and Language Processing, IEEE Transactions on},
  volume={14},
  number={6},
  pages={2222--2232},
  year={2006},
  publisher={IEEE}
}
@article{wilson2005,
  title={Two new directions in speech processor design for cochlear implants},
  author={Wilson, Blake S and Schatzer, Reinhold and Lopez-Poveda, Enrique A and Sun, Xiaoan and Lawson, Dewey T and Wolford, Robert D},
  journal={Ear and hearing},
  volume={26},
  number={4},
  pages={73S--81S},
  year={2005},
  publisher={LWW}
}
@article{tan2003,
  title={A phenomenological model for the responses of auditory-nerve fibers. II. Nonlinear tuning with a frequency glide},
  author={Tan, Qing and Carney, Laurel H},
  journal={The Journal of the Acoustical Society of America},
  volume={114},
  number={4},
  pages={2007--2020},
  year={2003},
  publisher={Acoustical Society of America}
}
@article{zhang2001,
  title={A phenomenological model for the responses of auditory-nerve fibers: I. Nonlinear tuning with compression and suppression},
  author={Zhang, Xuedong and Heinz, Michael G and Bruce, Ian C and Carney, Laurel H},
  journal={The Journal of the Acoustical Society of America},
  volume={109},
  number={2},
  pages={648--670},
  year={2001},
  publisher={Acoustical Society of America}
}
@article{carney1993,
  title={A model for the responses of low-frequency auditory-nerve fibers in cat},
  author={Carney, Laurel H},
  journal={The Journal of the Acoustical Society of America},
  volume={93},
  number={1},
  pages={401--417},
  year={1993},
  publisher={Acoustical Society of America}
}
@article{bekolay2013,
  title={Nengo: a Python tool for building large-scale functional brain models},
  author={Bekolay, Trevor and Bergstra, James and Hunsberger, Eric and DeWolf, Travis and Stewart, Terrence C and Rasmussen, Daniel and Choo, Xuan and Voelker, Aaron Russell and Eliasmith, Chris},
  journal={Frontiers in neuroinformatics},
  volume={7},
  year={2013},
  publisher={Frontiers Media SA}
}
@inproceedings{schaal2005,
  title={Learning movement primitives},
  author={Schaal, Stefan and Peters, Jan and Nakanishi, Jun and Ijspeert, Auke},
  booktitle={Robotics Research. The Eleventh International Symposium},
  pages={561--572},
  year={2005},
  organization={Springer}
}
@incollection{schaal2006,
  title={Dynamic movement primitives-a framework for motor control in humans and humanoid robotics},
  author={Schaal, Stefan},
  booktitle={Adaptive Motion of Animals and Machines},
  pages={261--280},
  year={2006},
  publisher={Springer}
}
@article{ijspeert2007,
  title={From swimming to walking with a salamander robot driven by a spinal cord model},
  author={Ijspeert, Auke Jan and Crespi, Alessandro and Ryczko, Dimitri and Cabelguen, Jean-Marie},
  journal={science},
  volume={315},
  number={5817},
  pages={1416--1420},
  year={2007},
  publisher={American Association for the Advancement of Science}
}
@article{vijayakumar2005,
  title={Incremental online learning in high dimensions},
  author={Vijayakumar, Sethu and D'souza, Aaron and Schaal, Stefan},
  journal={Neural computation},
  volume={17},
  number={12},
  pages={2602--2634},
  year={2005},
  publisher={MIT Press}
}
@article{ijspeert2013,
  title={Dynamical movement primitives: learning attractor models for motor behaviors},
  author={Ijspeert, Auke Jan and Nakanishi, Jun and Hoffmann, Heiko and Pastor, Peter and Schaal, Stefan},
  journal={Neural computation},
  volume={25},
  number={2},
  pages={328--373},
  year={2013},
  publisher={MIT Press}
}
@article{georgopoulos1986,
  title={Neuronal population coding of movement direction},
  author={Georgopoulos, Apostolos P and Schwartz, Andrew B and Kettner, Ronald E},
  journal={Science},
  volume={233},
  number={4771},
  pages={1416--1419},
  year={1986},
  publisher={American Association for the Advancement of Science}
}
@book{lawson1974,
  title={Solving least squares problems},
  author={Lawson, Charles L and Hanson, Richard J},
  volume={161},
  year={1974},
  publisher={SIAM}
}
@phdthesis{plate1994,
  title={Distributed representations and nested compositional structure},
  author={Plate, Tony A},
  year={1994},
  school={Citeseer}
}
@article{smolensky1990,
  title={Tensor product variable binding and the representation of symbolic structures in connectionist systems},
  author={Smolensky, Paul},
  journal={Artificial intelligence},
  volume={46},
  number={1},
  pages={159--216},
  year={1990},
  publisher={Elsevier}
}
@article{vanderwalt2011,
  title={The NumPy array: a structure for efficient numerical computation},
  author={Van Der Walt, Stefan and Colbert, S Chris and Varoquaux, Gael},
  journal={Computing in Science \& Engineering},
  volume={13},
  number={2},
  pages={22--30},
  year={2011},
  publisher={AIP Publishing}
}
@article{jones2014,
  title={{SciPy}: Open source scientific tools for {Python}},
  author={Jones, Eric and Oliphant, Travis and Peterson, Pearu},
  year={2014}
}
@article{hunter2007,
  title={Matplotlib: A 2D graphics environment},
  author={Hunter, John D},
  journal={Computing in science and engineering},
  volume={9},
  number={3},
  pages={90--95},
  year={2007}
}
@misc{waskom2014,
  author       = {Michael Waskom and
                  Olga Botvinnik and
                  Paul Hobson and
                  John B. Cole and
                  Yaroslav Halchenko and
                  Stephan Hoyer and
                  Alistair Miles and
                  Tom Augspurger and
                  Tal Yarkoni and
                  Tobias Megies and
                  Luis Pedro Coelho and
                  Daniel Wehner and
                  cynddl and
                  Erik Ziegler and
                  diego0020 and
                  Yury V. Zaytsev and
                  Travis Hoppe and
                  Skipper Seabold and
                  Phillip Cloud and
                  Miikka Koskinen and
                  Kyle Meyer and
                  Adel Qalieh and
                  Dan Allan},
  title        = {seaborn: v0.5.0 (November 2014)},
  month        = nov,
  year         = 2014,
  doi          = {10.5281/zenodo.12710},
  url          = {http://dx.doi.org/10.5281/zenodo.12710}
}
