@article{gaikwad2010,
  title={A review on speech recognition technique},
  author={Gaikwad, Santosh K and Gawali, Bharti W and Yannawar, Pravin},
  journal={International Journal of Computer Applications},
  volume={10},
  number={3},
  pages={16--24},
  year={2010},
  publisher={International Journal of Computer Applications, 244 5 th Avenue,\# 1526, New York, NY 10001, USA India}
}
@inproceedings{hain1999,
  title={The 1998 HTK system for transcription of conversational telephone speech},
  author={Hain, Thomas and Woodland, Phil C and Niesler, Thomas R and Whittaker, Edward WD},
  booktitle={Acoustics, Speech, and Signal Processing, 1999. Proceedings., 1999 IEEE International Conference on},
  volume={1},
  pages={57--60},
  year={1999},
  organization={IEEE}
}
@inproceedings{graves2006,
  title={Connectionist temporal classification: labelling unsegmented sequence data with recurrent neural networks},
  author={Graves, Alex and Fern{\'a}ndez, Santiago and Gomez, Faustino and Schmidhuber, J{\"u}rgen},
  booktitle={Proceedings of the 23rd international conference on Machine learning},
  pages={369--376},
  year={2006},
  organization={ACM}
}
@phdthesis{graves2008,
  title={Supervised sequence labelling with recurrent neural networks},
  author={Graves, Alex},
  year={2008},
  school={M{\"u}nchen, Techn. Univ., Diss., 2008}
}
@article{fernandez2008,
  title={Phoneme recognition in TIMIT with BLSTM-CTC},
  author={Fern{\'a}ndez, Santiago and Graves, Alex and Schmidhuber, J{\"u}rgen},
  journal={arXiv preprint arXiv:0804.3269},
  year={2008}
}
@inproceedings{logan2000,
  title={Mel Frequency Cepstral Coefficients for Music Modeling.},
  author={Logan, Beth and others},
  booktitle={ISMIR},
  year={2000}
}
@article{tchorz1999,
  title={A model of auditory perception as front end for automatic speech recognition},
  author={Tchorz, J{\"u}rgen and Kollmeier, Birger},
  journal={The Journal of the Acoustical Society of America},
  volume={106},
  number={4},
  pages={2040--2050},
  year={1999},
  publisher={Acoustical Society of America}
}
@inproceedings{dimitriadis2005,
  title={Auditory Teager energy cepstrum coefficients for robust speech recognition.},
  author={Dimitriadis, Dimitrios and Maragos, Petros and Potamianos, Alexandros},
  booktitle={INTERSPEECH},
  pages={3013--3016},
  year={2005}
}
@inproceedings{schluter2007,
  title={Gammatone features and feature combination for large vocabulary speech recognition},
  author={Schluter, Ralf and Bezrukov, L and Wagner, Hannes and Ney, Hermann},
  booktitle={Acoustics, Speech and Signal Processing, 2007. ICASSP 2007. IEEE International Conference on},
  volume={4},
  pages={IV--649},
  year={2007},
  organization={IEEE}
}
@inproceedings{shao2009,
  title={An auditory-based feature for robust speech recognition},
  author={Shao, Yang and Jin, Zhaozhang and Wang, DeLiang and Srinivasan, Soundararajan},
  booktitle={Acoustics, Speech and Signal Processing, 2009. ICASSP 2009. IEEE International Conference on},
  pages={4625--4628},
  year={2009},
  organization={IEEE}
}
@article{stern2012,
  title={Hearing is believing: Biologically-inspired feature extraction for robust automatic speech recognition},
  author={Stern, R and Morgan, Nelson},
  journal={IEEE signal processing magazine},
  volume={29},
  number={34-43},
  pages={170},
  year={2012}
}
@article{chan2007,
  title={{AER EAR}: {A} matched silicon cochlea pair with address event representation interface},
  author={Chan, Vincent and Liu, Shih-Chii and Van Schaik, Andr{\'e}},
  journal={Circuits and Systems I: Regular Papers, IEEE Transactions on},
  volume={54},
  number={1},
  pages={48--59},
  year={2007},
  publisher={IEEE}
}
@inproceedings{hamilton2008,
  title={Analogue VLSI implementations of two dimensional, nonlinear, active cochlea models},
  author={Hamilton, Tara Julia and Tapson, Jonathan and Jin, Craig and Van Schaik, Andr{\'e}},
  booktitle={Biomedical Circuits and Systems Conference, 2008. BioCAS 2008. IEEE},
  pages={153--156},
  year={2008},
  organization={IEEE}
}
@article{wen2009,
  title={A silicon cochlea with active coupling},
  author={Wen, Bo and Boahen, Kwabena},
  journal={Biomedical Circuits and Systems, IEEE Transactions on},
  volume={3},
  number={6},
  pages={444--455},
  year={2009},
  publisher={IEEE}
}
@article{karuppuswamy2013,
  title={Folded architecture for digital gammatone filter used in speech processor of cochlear implant},
  author={Karuppuswamy, Rajalakshmi and Arumugham, Kandaswamy and others},
  journal={ETRI Journal},
  volume={35},
  number={4},
  pages={697--705},
  year={2013},
  publisher={Electronics and Telecommunications Research Institute}
}
@article{liu2010,
  title={Neuromorphic sensory systems},
  author={Liu, Shih-Chii and Delbruck, Tobi},
  journal={Current opinion in neurobiology},
  volume={20},
  number={3},
  pages={288--295},
  year={2010},
  publisher={Elsevier}
}
