@article{troyer2000,
  title={An associational model of birdsong sensorimotor learning {II.} {T}emporal hierarchies and the learning of song sequence},
  author={Troyer, Todd W and Doupe, Allison J},
  journal={Journal of Neurophysiology},
  volume={84},
  number={3},
  pages={1224--1239},
  year={2000},
  publisher={Am Physiological Soc}
}
@article{drew2003,
  title={Model of song selectivity and sequence generation in area {HVc} of the songbird},
  author={Drew, Patrick J and Abbott, LF},
  journal={Journal of Neurophysiology},
  volume={89},
  number={5},
  pages={2697--2706},
  year={2003},
  publisher={Am Physiological Soc}
}
@inproceedings{quiroga2013,
  title={A novel competitive neural classifier for gesture recognition with small training sets},
  author={Quiroga, Facundo and Corbal{\'a}n, Leonardo},
  booktitle={19th Argentine Congress on Computer Science (CACIC)},
  pages={140--149},
  year={2013}
}
@article{tripp2010,
  title={Population models of temporal differentiation},
  author={Tripp, Bryan P and Eliasmith, Chris},
  journal={Neural Computation},
  volume={22},
  number={3},
  pages={621--659},
  year={2010},
  publisher={MIT Press}
}
@book{eliasmith2004,
  title={{Neural Engineering}: Computation, representation, and dynamics in neurobiological systems},
  author={Eliasmith, Chris and Anderson, Charles H},
  year={2004},
  publisher={MIT press}
}
@book{eliasmith2013,
  title={How to build a brain: A neural architecture for biological cognition},
  author={Eliasmith, Chris},
  year={2013},
  publisher={Oxford University Press}
}
@article{chittka2005,
  title={Perception space--the final frontier},
  author={Chittka, Lars and Brockmann, Axel},
  journal={PLOS Biology},
  volume={3},
  number={4},
  pages={e137},
  year={2005}
}
@incollection{rosowski1996,
  title={Models of external- and middle-ear function},
  author={Rosowski, John J},
  booktitle={Auditory Computation},
  pages={15--61},
  year={1996},
  publisher={Springer}
}
@article{ballachanda1997,
  title={Theoretical and applied external ear acoustics},
  author={Ballachanda, Bopanna B},
  journal={The Journal of the American Academy of Audiology},
  volume={8},
  pages={411--420},
  year={1997},
  publisher={Decker Periodicals, inc.}
}
@book{kandel2000,
  title={Principles of Neural Science},
  author={Kandel, Eric R and Schwartz, James H and Jessell, Thomas M and others},
  volume={4},
  year={2000},
  publisher={McGraw-Hill New York}
}
@article{dallos1992,
  title={The active cochlea},
  author={Dallos, P},
  journal={The Journal of Neuroscience},
  volume={12},
  number={12},
  pages={4575--4585},
  year={1992},
  publisher={Society for Neuroscience}
}
@article{fletcher1933,
  title={Loudness, Its Definition, Measurement and Calculation},
  author={Fletcher, Harvey and Munson, Wilden A},
  journal={Bell System Technical Journal},
  volume={12},
  number={4},
  pages={377--430},
  year={1933},
  publisher={Wiley Online Library}
}
@article{zwicker1957,
  title={Critical band width in loudness summation},
  author={Zwicker, Eberhard and Flottorp, Georg and Stevens, Stanley Smith},
  journal={The Journal of the Acoustical Society of America},
  volume={29},
  number={5},
  pages={548--557},
  year={1957},
  publisher={Acoustical Society of America}
}
@article{moore1983,
  title={Suggested formulae for calculating auditory-filter bandwidths and excitation patterns},
  author={Moore, Brian CJ and Glasberg, Brian R},
  journal={The Journal of the Acoustical Society of America},
  volume={74},
  number={3},
  pages={750--753},
  year={1983},
  publisher={Acoustical Society of America}
}
@article{stevens1937,
  title={A scale for the measurement of the psychological magnitude pitch},
  author={Stevens, Stanley Smith and Volkmann, John and Newman, Edwin B},
  journal={The Journal of the Acoustical Society of America},
  volume={8},
  number={3},
  pages={185--190},
  year={1937},
  publisher={Acoustical Society of America}
}
@book{everest2001,
  title={The Master Handbook of Acoustics},
  author={Everest, Frederick Alton and Pohlmann, Ken C and Books, Tab},
  volume={4},
  year={2001},
  publisher={McGraw-Hill New York}
}
@incollection{kollmeier2008,
  title={Perception of speech and sound},
  author={Kollmeier, Birger and Brand, Thomas and Meyer, Bernd},
  booktitle={Springer Handbook of Speech Processing},
  pages={61--82},
  year={2008},
  publisher={Springer}
}
@article{haas1972,
  title={The influence of a single echo on the audibility of speech},
  author={Haas, Helmut},
  journal={Journal of the Audio Engineering Society},
  volume={20},
  number={2},
  pages={146--159},
  year={1972},
  publisher={Audio Engineering Society}
}
@book{roach2010,
  title={English Phonetics and Phonology Fourth Edition: A Practical Course},
  author={Roach, Peter},
  year={2010},
  publisher={Cambridge University Press}
}
@inproceedings{kroger1993,
  title={A gestural approach for controlling an articulatory speech synthesizer},
  author={Kr{\"o}ger, Bernd J},
  booktitle={3rd European Conference on Speech Communication and Technology},
  year={1993}
}
@article{kaas2000,
  title={Subdivisions of auditory cortex and processing streams in primates},
  author={Kaas, Jon H and Hackett, Troy A},
  journal={Proceedings of the National Academy of Sciences},
  volume={97},
  number={22},
  pages={11793--11799},
  year={2000},
  publisher={National Academy of Sciences}
}
@article{ellis1983,
  title={Wernicke's aphasia and normal language processing: A case study in cognitive neuropsychology},
  author={Ellis, Andrew W and Miller, Diane and Sin, Gillian},
  journal={Cognition},
  volume={15},
  number={1},
  pages={111--144},
  year={1983},
  publisher={Elsevier}
}
@article{aertsen1981,
  title={The spectro-temporal receptive field},
  author={Aertsen, AMHJ and Johannesma, PIM},
  journal={Biological Cybernetics},
  volume={42},
  number={2},
  pages={133--143},
  year={1981},
  publisher={Springer}
}
@article{mesgarani2014,
  title={Phonetic feature encoding in human superior temporal gyrus},
  author={Mesgarani, Nima and Cheung, Connie and Johnson, Keith and Chang, Edward F},
  journal={Science},
  volume={343},
  number={6174},
  pages={1006--1010},
  year={2014},
  publisher={American Association for the Advancement of Science}
}
@article{kaas1999,
  title={Auditory processing in primate cerebral cortex},
  author={Kaas, Jon H and Hackett, Troy A and Tramo, Mark Jude},
  journal={Current Opinion in Neurobiology},
  volume={9},
  number={2},
  pages={164--170},
  year={1999},
  publisher={Elsevier}
}
@article{scott2003,
  title={The neuroanatomical and functional organization of speech perception},
  author={Scott, Sophie K and Johnsrude, Ingrid S},
  journal={Trends in Neurosciences},
  volume={26},
  number={2},
  pages={100--107},
  year={2003},
  publisher={Elsevier}
}
@article{semple2003,
  title={Cortical mechanisms in hearing},
  author={Semple, Malcolm N and Scott, Brian H},
  journal={Current Opinion in Neurobiology},
  volume={13},
  number={2},
  pages={167--173},
  year={2003},
  publisher={Elsevier}
}
@article{tian2004,
  title={Processing of frequency-modulated sounds in the lateral auditory belt cortex of the rhesus monkey},
  author={Tian, Biao and Rauschecker, Josef P},
  journal={Journal of Neurophysiology},
  volume={92},
  number={5},
  pages={2993--3013},
  year={2004},
  publisher={Am Physiological Soc}
}
@article{kowalski1995,
  title={Comparison of responses in the anterior and primary auditory fields of the ferret cortex},
  author={Kowalski, Nina and Versnel, Huib and Shamma, Shihab A},
  journal={Journal of Neurophysiology},
  volume={73},
  number={4},
  pages={1513--1523},
  year={1995},
  publisher={Am Physiological Soc}
}
@article{theunissen2000,
  title={Spectral-temporal receptive fields of nonlinear auditory neurons obtained using natural sounds},
  author={Theunissen, Fr{\'e}d{\'e}ric E and Sen, Kamal and Doupe, Allison J},
  journal={The Journal of Neuroscience},
  volume={20},
  number={6},
  pages={2315--2331},
  year={2000},
  publisher={Soc Neuroscience}
}
@article{escabi2002,
  title={Nonlinear spectrotemporal sound analysis by neurons in the auditory midbrain},
  author={Escab{\i}, Monty A and Schreiner, Christoph E},
  journal={The Journal of Neuroscience},
  volume={22},
  number={10},
  pages={4114--4131},
  year={2002},
  publisher={Soc Neuroscience}
}
@article{pasley2012,
  title={Reconstructing speech from human auditory cortex},
  author={Pasley, Brian N and David, Stephen V and Mesgarani, Nima and Flinker, Adeen and Shamma, Shihab A and Crone, Nathan E and Knight, Robert T and Chang, Edward F},
  journal={PLOS Biology},
  volume={10},
  number={1},
  pages={175},
  year={2012}
}
@article{kutas1980,
  title={Reading senseless sentences: Brain potentials reflect semantic incongruity},
  author={Kutas, Marta and Hillyard, Steven A},
  journal={Science},
  volume={207},
  number={4427},
  pages={203--205},
  year={1980}
}
@article{kutas2000,
  title={Electrophysiology reveals semantic memory use in language comprehension},
  author={Kutas, Marta and Federmeier, Kara D},
  journal={Trends in Cognitive Sciences},
  volume={4},
  number={12},
  pages={463--470},
  year={2000},
  publisher={Elsevier}
}
@article{pylkkanen2003,
  title={Tracking the time course of word recognition with {MEG}},
  author={Pylkk{\"a}nen, Liina and Marantz, Alec},
  journal={Trends in Cognitive Sciences},
  volume={7},
  number={5},
  pages={187--189},
  year={2003},
  publisher={Elsevier}
}
@article{pulvermuller2001,
  title={Brain reflections of words and their meaning},
  author={Pulverm{\"u}ller, Friedemann},
  journal={Trends in Cognitive Sciences},
  volume={5},
  number={12},
  pages={517--524},
  year={2001},
  publisher={Elsevier}
}
@article{martin2007,
  title={The representation of object concepts in the brain},
  author={Martin, Alex},
  journal={Annual Review of Psychology},
  volume={58},
  pages={25--45},
  year={2007},
  publisher={Annual Reviews}
}
@article{patterson2007,
  title={Where do you know what you know? {T}he representation of semantic knowledge in the human brain},
  author={Patterson, Karalyn and Nestor, Peter J and Rogers, Timothy T},
  journal={Nature Reviews Neuroscience},
  volume={8},
  number={12},
  pages={976--987},
  year={2007},
  publisher={Nature Publishing Group}
}
@article{davis1952,
  title={Automatic recognition of spoken digits},
  author={Davis, KH and Biddulph, R and Balashek, Stephen},
  journal={The Journal of the Acoustical Society of America},
  volume={24},
  number={6},
  pages={637--642},
  year={1952},
  publisher={Acoustical Society of America}
}
@article{bahl1983,
  title={A maximum likelihood approach to continuous speech recognition},
  author={Bahl, Lalit R and Jelinek, Frederick and Mercer, Robert L},
  journal={IEEE Transactions on Pattern Analysis and Machine Intelligence},
  volume={2},
  pages={179--190},
  year={1983},
  publisher={IEEE}
}
@article{rabiner1989,
  title={A tutorial on hidden {M}arkov models and selected applications in speech recognition},
  author={Rabiner, Lawrence R},
  journal={Proceedings of the IEEE},
  volume={77},
  number={2},
  pages={257--286},
  year={1989},
  publisher={IEEE}
}
@article{gales2008,
  title={The application of hidden {M}arkov models in speech recognition},
  author={Gales, Mark and Young, Steve},
  journal={Foundations and Trends in Signal Processing},
  volume={1},
  number={3},
  pages={195--304},
  year={2008},
  publisher={Now Publishers Inc.}
}
@article{huang2014,
  title={A historical perspective of speech recognition},
  author={Huang, Xuedong and Baker, James and Reddy, Raj},
  journal={Communications of the ACM},
  volume={57},
  number={1},
  pages={94--103},
  year={2014},
  publisher={ACM}
}
@article{lee1989,
  title={Speaker-independent phone recognition using hidden {M}arkov models},
  author={Lee, Kai-Fu and Hon, Hsiao-Wuen},
  journal={IEEE Transactions on Acoustics, Speech and Signal Processing},
  volume={37},
  number={11},
  pages={1641--1648},
  year={1989},
  publisher={IEEE}
}
@article{garofolo1993,
  title={{DARPA TIMIT} acoustic-phonetic continous speech corpus {CD-ROM}. {NIST} speech disc 1-1.1},
  author={Garofolo, John S and Lamel, Lori F and Fisher, William M and Fiscus, Jonathon G and Pallett, David S},
  journal={NASA STI/Recon Technical Report N},
  volume={93},
  pages={27403},
  year={1993}
}
@inproceedings{lamel1993,
  title={High performance speaker-independent phone recognition using {CDHMM}.},
  author={Lamel, Lori and Gauvain, Jean-Luc},
  booktitle={European Conference on Speech Communication and Technology},
  volume={93},
  pages={121--124},
  year={1993}
}
@incollection{lopes2011,
  title={Phone recognition on the {TIMIT} database},
  author={Lopes, Carla and Perdig{\~a}o, Fernando},
  booktitle={Speech Technologies},
  volume={1},
  pages={285--302},
  year={2011},
  publisher={InTech}
}
@inproceedings{graves2013,
  title={Speech recognition with deep recurrent neural networks},
  author={Graves, Alan and Mohamed, Abdel-rahman and Hinton, Geoffrey},
  booktitle={IEEE International Conference on Acoustics, Speech and Signal Processing (ICASSP)},
  pages={6645--6649},
  year={2013},
  organization={IEEE}
}
@article{mohamed2012,
  title={Acoustic modeling using deep belief networks},
  author={Mohamed, Abdel-rahman and Dahl, George E and Hinton, Geoffrey},
  journal={IEEE Transactions on Audio, Speech, and Language Processing},
  volume={20},
  number={1},
  pages={14--22},
  year={2012},
  publisher={IEEE}
}
@article{hinton2012,
  title={Deep neural networks for acoustic modeling in speech recognition: The shared views of four research groups},
  author={Hinton, Geoffrey and Deng, Li and Yu, Dong and Dahl, George E and Mohamed, Abdel-rahman and Jaitly, Navdeep and Senior, Andrew and Vanhoucke, Vincent and Nguyen, Patrick and Sainath, Tara N and Kingsbury, Brian},
  journal={IEEE Signal Processing Magazine},
  volume={29},
  number={6},
  pages={82--97},
  year={2012},
  publisher={IEEE}
}
@article{hunsberger2015,
  title={Spiking deep networks with {LIF} neurons},
  author={Hunsberger, Eric and Eliasmith, Chris},
  journal={arXiv preprint arXiv:1510.08829},
  year={2015}
}
@article{ni2014,
  title={Modelling cochlear mechanics},
  author={Ni, Guangjian and Elliott, Stephen J and Ayat, Mohammad and Teal, Paul D},
  journal={BioMed Research International},
  volume={2014},
  year={2014},
  publisher={Hindawi Publishing Corporation}
}
@article{fontaine2011,
  title={Brian hears: online auditory processing using vectorization over channels},
  author={Fontaine, Bertrand and Goodman, Dan FM and Benichoux, Victor and Brette, Romain},
  journal={Frontiers in Neuroinformatics},
  volume={5},
  year={2011},
  publisher={Frontiers Media SA}
}
@article{lopez2005,
  title={Spectral processing by the peripheral auditory system: facts and models},
  author={Lopez-Poveda, Enrique A},
  journal={International Review of Neurobiology},
  volume={70},
  pages={7--48},
  year={2005},
  publisher={Elsevier}
}
@inproceedings{lyon2010,
  title={History and future of auditory filter models},
  author={Lyon, Richard F and Katsiamis, Andreas G and Drakakis, Emmanuel M},
  booktitle={IEEE International Symposium on Circuits and Systems (ISCAS)},
  pages={3809--3812},
  year={2010},
  organization={IEEE}
}
@article{macneilage2001,
  title={Motor mechanisms in speech ontogeny: phylogenetic, neurobiological and linguistic implications},
  author={MacNeilage, Peter F and Davis, Barbara L},
  journal={Current Opinion in Neurobiology},
  volume={11},
  number={6},
  pages={696--700},
  year={2001},
  publisher={Elsevier}
}
@article{browman1989,
  title={Articulatory gestures as phonological units},
  author={Browman, Catherine P and Goldstein, Louis},
  journal={Phonology},
  volume={6},
  number={02},
  pages={201--251},
  year={1989},
  publisher={Cambridge University Press}
}
@incollection{goldstein2006,
  title={The role of vocal tract gestural action units in understanding the evolution of phonology},
  author={Goldstein, Louis and Byrd, Dani and Saltzman, Elliot},
  booktitle={Action to Language via the Mirror Neuron System},
  pages={215--249},
  year={2006},
  publisher={Cambridge University Press}
}
@article{levelt1994,
  title={Do speakers have access to a mental syllabary?},
  author={Levelt, Willem JM and Wheeldon, Linda},
  journal={Cognition},
  volume={50},
  number={1},
  pages={239--269},
  year={1994},
  publisher={Elsevier}
}
@article{levelt1999,
  title={A theory of lexical access in speech production},
  author={Levelt, Willem JM and Roelofs, Ardi and Meyer, Antje S},
  journal={Behavioral and Brain Sciences},
  volume={22},
  number={01},
  pages={1--38},
  year={1999},
  publisher={Cambridge Univ Press}
}
@article{cholin2004,
  title={The preparation of syllables in speech production},
  author={Cholin, Joana and Schiller, Niels O and Levelt, Willem JM},
  journal={Journal of Memory and Language},
  volume={50},
  number={1},
  pages={47--61},
  year={2004},
  publisher={Elsevier}
}
@article{otake1993,
  title={Mora or syllable? {S}peech segmentation in {J}apanese},
  author={Otake, Takashi and Hatano, Giyoo and Cutler, Anne and Mehler, Jacques},
  journal={Journal of Memory and Language},
  volume={32},
  number={2},
  pages={258--278},
  year={1993},
  publisher={Elsevier}
}
@incollection{roelofs2000,
  title={{WEAVER++} and other computational models of lemma retrieval and word-form encoding},
  author={Roelofs, Ardi},
  booktitle={Aspects of Language Production},
  pages={71--114},
  year={2000},
  publisher={Psychology Press}
}
@article{indefrey2004,
  title={The spatial and temporal signatures of word production components},
  author={Indefrey, Peter and Levelt, Willem JM},
  journal={Cognition},
  volume={92},
  number={1},
  pages={101--144},
  year={2004},
  publisher={Elsevier}
}
@article{indefrey2011,
  title={The spatial and temporal signatures of word production components: a critical update},
  author={Indefrey, Peter},
  journal={Frontiers in Psychology},
  volume={2},
  year={2011},
  publisher={Frontiers Media SA}
}
@article{dell1988,
  title={The retrieval of phonological forms in production: Tests of predictions from a connectionist model},
  author={Dell, Gary S},
  journal={Journal of Memory and Language},
  volume={27},
  number={2},
  pages={124--142},
  year={1988},
  publisher={Elsevier}
}
@article{levelt1992,
  title={Accessing words in speech production: Stages, processes and representations},
  author={Levelt, Willem JM},
  journal={Cognition},
  volume={42},
  number={1},
  pages={1--22},
  year={1992},
  publisher={Elsevier}
}
@article{broca1861,
  title={Remarks on the seat of the faculty of articulated language, following an observation of aphemia (loss of speech)},
  author={Broca, Paul},
  journal={Bulletin de la Soci{\'e}t{\'e} Anatomique},
  volume={6},
  pages={330--57},
  year={1861}
}
@article{flinker2015,
  title={Redefining the role of Broca's area in speech},
  author={Flinker, Adeen and Korzeniewska, Anna and Shestyuk, Avgusta Y and Franaszczuk, Piotr J and Dronkers, Nina F and Knight, Robert T and Crone, Nathan E},
  journal={Proceedings of the National Academy of Sciences},
  volume={112},
  number={9},
  pages={2871--2875},
  year={2015},
  publisher={National Academy of Sciences}
}
@article{tresch2009,
  title={The case for and against muscle synergies},
  author={Tresch, Matthew C and Jarc, Anthony},
  journal={Current Opinion in Neurobiology},
  volume={19},
  number={6},
  pages={601--607},
  year={2009},
  publisher={Elsevier}
}
@article{smith2004,
  title={Development of functional synergies for speech motor coordination in childhood and adolescence},
  author={Smith, Anne and Zelaznik, Howard N},
  journal={Developmental Psychobiology},
  volume={45},
  number={1},
  pages={22--33},
  year={2004},
  publisher={Wiley Online Library}
}
@article{smith2006,
  title={Speech motor development: Integrating muscles, movements, and linguistic units},
  author={Smith, Anne},
  journal={Journal of Communication Disorders},
  volume={39},
  number={5},
  pages={331--349},
  year={2006},
  publisher={Elsevier}
}
@article{bouchard2013,
  title={Functional organization of human sensorimotor cortex for speech articulation},
  author={Bouchard, Kristofer E and Mesgarani, Nima and Johnson, Keith and Chang, Edward F},
  journal={Nature},
  volume={495},
  number={7441},
  pages={327--332},
  year={2013},
  publisher={Nature Publishing Group}
}
@article{breshears2015,
  title={A probabilistic map of the human ventral sensorimotor cortex using electrical stimulation},
  author={Breshears, Jonathan D and Molinaro, Annette M and Chang, Edward F},
  journal={Journal of Neurosurgery},
  pages={1--10},
  year={2015},
  publisher={American Association of Neurological Surgeons}
}
@mastersthesis{dewolf2010,
  title={{NOCH:} A framework for biologically plausible models of neural motor control},
  school={University of Waterloo},
  author={DeWolf, Travis},
  year={2010}
}
@article{wildgruber2001,
  title={Differential contributions of motor cortex, basal ganglia, and cerebellum to speech motor control: effects of syllable repetition rate evaluated by {fMRI}},
  author={Wildgruber, D and Ackermann, H and Grodd, W},
  journal={Neuroimage},
  volume={13},
  number={1},
  pages={101--109},
  year={2001},
  publisher={Elsevier}
}
@article{brown2009,
  title={The somatotopy of speech: phonation and articulation in the human motor cortex},
  author={Brown, Steven and Laird, Angela R and Pfordresher, Peter Q and Thelen, Sarah M and Turkeltaub, Peter and Liotti, Mario},
  journal={Brain and Cognition},
  volume={70},
  number={1},
  pages={31--41},
  year={2009},
  publisher={Elsevier}
}
@phdthesis{dewolf2015,
  title={A neural model of the motor control system},
  school={University of Waterloo},
  author={DeWolf, Travis},
  year={2015}
}
@article{ackermann2004,
  title={The contribution of the insula to motor aspects of speech production: a review and a hypothesis},
  author={Ackermann, Hermann and Riecker, Axel},
  journal={Brain and Language},
  volume={89},
  number={2},
  pages={320--328},
  year={2004},
  publisher={Elsevier}
}
@book{ivry1998,
  title={The two sides of perception},
  author={Ivry, Richard B and Robertson, Lynn C},
  year={1998},
  publisher={MIT Press}
}
@article{ishizaka1972,
  title={Synthesis of Voiced Sounds From a Two-Mass Model of the Vocal Cords},
  author={Ishizaka, Kenzo and Flanagan, James L},
  journal={Bell System Technical Journal},
  volume={51},
  number={6},
  pages={1233--1268},
  year={1972},
  publisher={Wiley Online Library}
}
@article{titze1989,
  title={A four-parameter model of the glottis and vocal fold contact area},
  author={Titze, Ingo R},
  journal={Speech Communication},
  volume={8},
  number={3},
  pages={191--201},
  year={1989},
  publisher={Elsevier}
}
@inproceedings{birkholz2011,
  title={Synthesis of Breathy, Normal, and Pressed Phonation Using a Two-Mass Model with a Triangular Glottis},
  author={Birkholz, Peter and Kr{\"o}ger, Bernd J and Neuschaefer-Rube, Christiane},
  booktitle={Interspeech},
  pages={2681--2684},
  year={2011}
}
@article{badin2002,
  title={Three-dimensional linear articulatory modeling of tongue, lips and face, based on {MRI} and video images},
  author={Badin, Pierre and Bailly, Gerard and Reveret, Lionel and Baciu, Monica and Segebarth, Christoph and Savariaux, Christophe},
  journal={Journal of Phonetics},
  volume={30},
  number={3},
  pages={533--553},
  year={2002},
  publisher={Elsevier}
}
@article{dang2004,
  title={Construction and control of a physiological articulatory model},
  author={Dang, Jianwu and Honda, Kiyoshi},
  journal={The Journal of the Acoustical Society of America},
  volume={115},
  number={2},
  pages={853--870},
  year={2004},
  publisher={Acoustical Society of America}
}
@article{mermelstein1973,
  title={Articulatory model for the study of speech production},
  author={Mermelstein, Paul},
  journal={The Journal of the Acoustical Society of America},
  volume={53},
  number={4},
  pages={1070--1082},
  year={1973},
  publisher={Acoustical Society of America}
}
@article{meyer1989,
  title={A quasiarticulatory speech synthesizer for {G}erman language running in real time},
  author={Meyer, Peter and Wilhelms, Reiner and Strube, Hans Werner},
  journal={The Journal of the Acoustical Society of America},
  volume={86},
  number={2},
  pages={523--539},
  year={1989},
  publisher={Acoustical Society of America}
}
@article{maeda1982,
  title={A digital simulation method of the vocal-tract system},
  author={Maeda, Shinji},
  journal={Speech Communication},
  volume={1},
  number={3},
  pages={199--229},
  year={1982},
  publisher={Elsevier}
}
@inproceedings{elmasri1996,
  title={Vocal tract acoustics using the transmission line matrix ({TLM}) method},
  author={El-Masri, Samir and Pelorson, Xavier and Saguet, Pierre and Badin, Pierre},
  booktitle={International Conference on Spoken Language},
  volume={2},
  pages={953--956},
  year={1996},
  organization={IEEE}
}
@article{sondhi1987,
  title={A hybrid time-frequency domain articulatory speech synthesizer},
  author={Sondhi, Man Mohan and Schroeter, Juergen},
  journal={IEEE Transactions on Acoustics, Speech and Signal Processing},
  volume={35},
  number={7},
  pages={955--967},
  year={1987},
  publisher={IEEE}
}
@article{kuhl2008,
  title={Phonetic learning as a pathway to language: new data and native language magnet theory expanded ({NLM}-e)},
  author={Kuhl, Patricia K and Conboy, Barbara T and Coffey-Corina, Sharon and Padden, Denise and Rivera-Gaxiola, Maritza and Nelson, Tobey},
  journal={Philosophical Transactions of the Royal Society B: Biological Sciences},
  volume={363},
  number={1493},
  pages={979--1000},
  year={2008},
  publisher={The Royal Society}
}
@article{hurford1991,
  title={The evolution of the critical period for language acquisition},
  author={Hurford, James R},
  journal={Cognition},
  volume={40},
  number={3},
  pages={159--201},
  year={1991},
  publisher={Elsevier}
}
@article{bolhuis2010,
  title={Twitter evolution: converging mechanisms in birdsong and human speech},
  author={Bolhuis, Johan J and Okanoya, Kazuo and Scharff, Constance},
  journal={Nature Reviews Neuroscience},
  volume={11},
  number={11},
  pages={747--759},
  year={2010},
  publisher={Nature Publishing Group}
}
@article{houde1998,
  title={Sensorimotor adaptation in speech production},
  author={Houde, John F and Jordan, Michael I},
  journal={Science},
  volume={279},
  number={5354},
  pages={1213--1216},
  year={1998},
  publisher={American Association for the Advancement of Science}
}
@article{hickok2007,
  title={The cortical organization of speech processing},
  author={Hickok, Gregory and Poeppel, David},
  journal={Nature Reviews Neuroscience},
  volume={8},
  number={5},
  pages={393--402},
  year={2007},
  publisher={Nature Publishing Group}
}
@incollection{ungerleider1982,
  title={Two cortical visual systems},
  author={Ungerleider, Leslie G},
  booktitle={Analysis of Visual behavior},
  pages={549--586},
  year={1982},
  publisher={MIT press}
}
@article{andersen1997,
  title={Multimodal integration for the representation of space in the posterior parietal cortex},
  author={Andersen, Richard A},
  journal={Philosophical Transactions of the Royal Society B: Biological Sciences},
  volume={352},
  number={1360},
  pages={1421--1428},
  year={1997},
  publisher={The Royal Society}
}
@article{rizzolatti1997,
  title={Parietal cortex: from sight to action},
  author={Rizzolatti, Giacomo and Fogassi, Leonardo and Gallese, Vittorio},
  journal={Current Opinion in Neurobiology},
  volume={7},
  number={4},
  pages={562--567},
  year={1997},
  publisher={Elsevier}
}
@article{rizzolatti2003,
  title={Two different streams form the dorsal visual system: anatomy and functions},
  author={Rizzolatti, Giacomo and Matelli, Massimo},
  journal={Experimental Brain Research},
  volume={153},
  number={2},
  pages={146--157},
  year={2003},
  publisher={Springer}
}
@article{schmidt1975,
  title={A schema theory of discrete motor skill learning.},
  author={Schmidt, Richard A},
  journal={Psychological Review},
  volume={82},
  number={4},
  pages={225},
  year={1975},
  publisher={American Psychological Association}
}
@article{doyon2003,
  title={Distinct contribution of the cortico-striatal and cortico-cerebellar systems to motor skill learning},
  author={Doyon, Julien and Penhune, Virginia and Ungerleider, Leslie G},
  journal={Neuropsychologia},
  volume={41},
  number={3},
  pages={252--262},
  year={2003},
  publisher={Elsevier}
}
@article{hickok2009,
  title={Area {Spt} in the human planum temporale supports sensory-motor integration for speech processing},
  author={Hickok, Gregory and Okada, Kayoko and Serences, John T},
  journal={Journal of Neurophysiology},
  volume={101},
  number={5},
  pages={2725--2732},
  year={2009},
  publisher={Am Physiological Soc}
}
@article{cogan2014,
  title={Sensory-motor transformations for speech occur bilaterally},
  author={Cogan, Gregory B and Thesen, Thomas and Carlson, Chad and Doyle, Werner and Devinsky, Orrin and Pesaran, Bijan},
  journal={Nature},
  volume={507},
  number={7490},
  pages={94--98},
  year={2014},
  publisher={Nature Publishing Group}
}
@article{liberman1985,
  title={The motor theory of speech perception revised},
  author={Liberman, Alvin M and Mattingly, Ignatius G},
  journal={Cognition},
  volume={21},
  number={1},
  pages={1--36},
  year={1985},
  publisher={Elsevier}
}
@article{galantucci2006,
  title={The motor theory of speech perception reviewed},
  author={Galantucci, Bruno and Fowler, Carol A and Turvey, Michael T},
  journal={Psychonomic Bulletin \& Review},
  volume={13},
  number={3},
  pages={361--377},
  year={2006},
  publisher={Springer}
}
@article{mcgurk1976,
  title={Hearing lips and seeing voices},
  author={McGurk, Harry and MacDonald, John},
  journal={Nature},
  volume={264},
  pages={746--748},
  year={1976}
}
@article{fowler2003,
  title={Rapid access to speech gestures in perception: Evidence from choice and simple response time tasks},
  author={Fowler, Carol A and Brown, Julie M and Sabadini, Laura and Weihing, Jeffrey},
  journal={Journal of Memory and Language},
  volume={49},
  number={3},
  pages={396--413},
  year={2003},
  publisher={Elsevier}
}
@article{king2007,
  title={Speech production knowledge in automatic speech recognition},
  author={King, Simon and Frankel, Joe and Livescu, Karen and McDermott, Erik and Richmond, Korin and Wester, Mirjam},
  journal={The Journal of the Acoustical Society of America},
  volume={121},
  number={2},
  pages={723--742},
  year={2007},
  publisher={Acoustical Society of America}
}
@article{westbury1990,
  title={X-ray microbeam speech production database},
  author={Westbury, John and Milenkovic, Paul and Weismer, Gary and Kent, Raymond},
  journal={The Journal of the Acoustical Society of America},
  volume={88},
  number={S1},
  pages={S56--S56},
  year={1990},
  publisher={Acoustical Society of America}
}
@article{wrench2000,
  title={A Multi-Channel / Multi-Speaker Articulatory Database for Continuous Speech Recognition Research.},
  author={Wrench, Alan A},
  journal={Phonus},
  volume={5},
  pages={1--13},
  year={2000}
}
@article{steiner2012,
  title={The magnetic resonance imaging subset of the mngu0 articulatory corpus},
  author={Steiner, Ingmar and Richmond, Korin and Marshall, Ian and Gray, Calum D},
  journal={The Journal of the Acoustical Society of America},
  volume={131},
  number={2},
  pages={EL106--EL111},
  year={2012},
  publisher={Acoustical Society of America}
}
@article{zlokarnik1995,
  title={Adding articulatory features to acoustic features for automatic speech recognition},
  author={Zlokarnik, Igor},
  journal={The Journal of the Acoustical Society of America},
  volume={97},
  number={5},
  pages={3246--3246},
  year={1995},
  publisher={Acoustical Society of America}
}
@inproceedings{eide2001,
  title={Distinctive features for use in an automatic speech recognition system.},
  author={Eide, Ellen},
  booktitle={Interspeech},
  pages={1613--1616},
  year={2001}
}
@article{kirchhoff2002,
  title={Combining acoustic and articulatory feature information for robust speech recognition},
  author={Kirchhoff, Katrin and Fink, Gernot A and Sagerer, Gerhard},
  journal={Speech Communication},
  volume={37},
  number={3},
  pages={303--319},
  year={2002},
  publisher={Elsevier}
}
@inproceedings{stephenson2000,
  title={Automatic speech recognition using dynamic bayesian networks with both acoustic and articulatory variables},
  author={Stephenson, Todd A and Bourlard, Herv{\'e} and Bengio, Samy and Morris, Andrew C},
  booktitle={Interspeech},
  year={2000},
  volume={2},
  pages={951--954}
}
@article{stephenson2004,
  title={Speech recognition with auxiliary information},
  author={Stephenson, Todd and Doss, Mathew Magimai and Bourlard, Herv{\'e}},
  journal={IEEE Transactions on Speech and Audio Processing},
  volume={12},
  number={3},
  pages={189--203},
  year={2004},
  publisher={IEEE}
}
@inproceedings{uria2011,
  title={A deep neural network for acoustic-articulatory speech inversion},
  author={Uria, Benigno and Renals, Steve and Richmond, Korin},
  booktitle={Conference on Neural Information Processing Systems (NIPS)},
  year={2011}
}
@inproceedings{richmond2009,
  title={Preliminary inversion mapping results with a new {EMA} corpus},
  author={Richmond, Korin},
  booktitle={Interspeech},
  pages={2835--2838},
  year={2009}
}
@inproceedings{zhuang2008,
  title={The entropy of the articulatory phonological code: recognizing gestures from tract variables.},
  author={Zhuang, Xiaodan and Nam, Hosung and Hasegawa-Johnson, Mark and Goldstein, Louis M and Saltzman, Elliot},
  booktitle={Interspeech},
  pages={1489--1492},
  year={2008}
}
@inproceedings{zhuang2009,
  title={Articulatory phonological code for word classification.},
  author={Zhuang, Xiaodan and Nam, Hosung and Hasegawa-Johnson, Mark and Goldstein, Louis and Saltzman, Elliot},
  booktitle={Interspeech},
  pages={2763--2766},
  year={2009}
}
@inproceedings{nam2010,
  title={A procedure for estimating gestural scores from natural speech.},
  author={Nam, Hosung and Mitra, Vikramjit and Tiede, Mark and Saltzman, Elliot and Goldstein, Louis and Espy-Wilson, Carol Y and Hasegawa-Johnson, Mark},
  booktitle={Interspeech},
  pages={30--33},
  year={2010}
}
@article{nam2012,
  title={A procedure for estimating gestural scores from speech acoustics},
  author={Nam, Hosung and Mitra, Vikramjit and Tiede, Mark and Hasegawa-Johnson, Mark and Espy-Wilson, Carol and Saltzman, Elliot and Goldstein, Louis},
  journal={The Journal of the Acoustical Society of America},
  volume={132},
  number={6},
  pages={3980--3989},
  year={2012},
  publisher={Acoustical Society of America}
}
@article{guenther1995,
  title={Speech sound acquisition, coarticulation, and rate effects in a neural network model of speech production.},
  author={Guenther, Frank H},
  journal={Psychological Review},
  volume={102},
  number={3},
  pages={594},
  year={1995},
  publisher={American Psychological Association}
}
@incollection{guenther2004,
  title={A neural model of speech production and its application to studies of the role of auditory feedback in speech},
  author={Guenther, Frank H and Perkell, Joseph S},
  booktitle={Speech Motor Control in Normal and Disordered Speech},
  pages={29--49},
  year={2004},
  publisher={Oxford University Press}
}
@article{guenther2006,
  title={Cortical interactions underlying the production of speech sounds},
  author={Guenther, Frank H},
  journal={Journal of Communication Disorders},
  volume={39},
  number={5},
  pages={350--365},
  year={2006},
  publisher={Elsevier}
}
@article{guenther2006a,
  title={Neural modeling and imaging of the cortical interactions underlying syllable production},
  author={Guenther, Frank H and Ghosh, Satrajit S and Tourville, Jason A},
  journal={Brain and Language},
  volume={96},
  number={3},
  pages={280--301},
  year={2006},
  publisher={Elsevier}
}
@inproceedings{guenther2003,
  title={A model of cortical and cerebellar function in speech},
  author={Guenther, Frank H and Ghosh, Satrajit S},
  booktitle={International Congress of Phonetic Sciences},
  pages={169--173},
  year={2003}
}
@article{nieto2005,
  title={A modeling investigation of articulatory variability and acoustic stability during {American English} /r/ production},
  author={Nieto-Castanon, Alfonso and Guenther, Frank H and Perkell, Joseph S and Curtin, Hugh D},
  journal={The Journal of the Acoustical Society of America},
  volume={117},
  number={5},
  pages={3196--3212},
  year={2005},
  publisher={Acoustical Society of America}
}
@article{kroger2009,
  title={Towards a neurocomputational model of speech production and perception},
  author={Kr{\"o}ger, Bernd J and Kannampuzha, Jim and Neuschaefer-Rube, Christiane},
  journal={Speech Communication},
  volume={51},
  number={9},
  pages={793--809},
  year={2009},
  publisher={Elsevier}
}
@article{kroger2014a,
  title={Associative learning and self-organization as basic principles for simulating speech acquisition, speech production, and speech perception},
  author={Kr{\"o}ger, Bernd J and Kannampuzha, Jim and Kaufmann, Emily},
  journal={EPJ Nonlinear Biomedical Physics},
  volume={2},
  number={1},
  pages={1--28},
  year={2014},
  publisher={Springer}
}
@article{kroger2015,
  title={The emergence of phonetic-phonological features in a biologically inspired model of speech processing},
  author={Kr{\"o}ger, Bernd J and Cao, Mengxue},
  journal={Journal of Phonetics},
  volume={53},
  pages={88--100},
  year={2015},
  publisher={Elsevier}
}
@article{kohonen1982,
  title={Self-organized formation of topologically correct feature maps},
  author={Kohonen, Teuvo},
  journal={Biological Cybernetics},
  volume={43},
  number={1},
  pages={59--69},
  year={1982},
  publisher={Springer}
}
@article{kohonen2007,
  title={Kohonen network},
  author={Kohonen, Teuvo and Honkela, Timo},
  journal={Scholarpedia},
  volume={2},
  number={1},
  pages={1568},
  year={2007}
}
@article{furber2013,
  title={Overview of the {SpiNNaker} system architecture},
  author={Furber, Steve B and Lester, David R and Plana, Luis A and Garside, Jim D and Painkras, Eustace and Temple, Sally and Brown, Andrew D},
  journal={IEEE Transactions on Computers},
  volume={62},
  number={12},
  pages={2454--2467},
  year={2013},
  publisher={IEEE}
}
@article{benjamin2014,
  title={Neurogrid: A mixed-analog-digital multichip system for large-scale neural simulations},
  author={Benjamin, Ben Varkey and Gao, Peiran and McQuinn, Emmett and Choudhary, Shobhit and Chandrasekaran, Anand R and Bussat, Jean-Marie and Alvarez-Icaza, Rodrigo and Arthur, John V and Merolla, Paul and Boahen, Kwabena},
  journal={Proceedings of the IEEE},
  volume={102},
  number={5},
  pages={699--716},
  year={2014},
  publisher={IEEE}
}
@misc{khayam2003,
  title={The discrete cosine transform ({DCT}): theory and application},
  author={Khayam, Syed Ali},
  institution={Michigan State University},
  howpublished={ECE 802 Information Theory and Coding Seminar},
  year={2003}
}
@inproceedings{hunsberger2013,
  title={A neural model of human image categorization},
  author={Hunsberger, Eric and Blouw, Peter and Bergstra, James and Eliasmith, Chris},
  booktitle={Conference of the Cognitive Science Society},
  pages={633--638},
  year={2013}
}
@inproceedings{blouw2013,
  title={A neurally plausible encoding of word order information into a semantic vector space},
  author={Blouw, Peter and Eliasmith, Chris},
  booktitle={Conference of the Cognitive Science Society},
  pages={1905--1910},
  year={2013}
}
@article{blouw2015,
  title={Concepts as semantic pointers: a framework and computational model},
  author={Blouw, Peter and Solodkin, Eugene and Thagard, Paul and Eliasmith, Chris},
  journal={Cognitive Science},
  year={2015},
  pages={1--35},
  publisher={Wiley Online Library}
}
@inproceedings{stewart2014,
  title={Sentence processing in spiking neurons: A biologically plausible left-corner parser},
  author={Stewart, Terrence C and Choo, Xuan and Eliasmith, Chris},
  booktitle={Conference of the Cognitive Science Society},
  pages={1533--1538},
  year={2014}
}
@inproceedings{stewart2015,
  title={Explorations in distributed recurrent biological parsing},
  author={Stewart, Terrence C and Blouw, Peter and Eliasmith, Chris},
  booktitle={International Conference of Cognitive Modeling (ICCM)},
  pages={7--12},
  year={2015}
}
@article{roelofs2008,
  title={Dynamics of the attentional control of word retrieval: Analyses of response time distributions.},
  author={Roelofs, Ardi},
  journal={Journal of Experimental Psychology: General},
  volume={137},
  number={2},
  pages={303},
  year={2008},
  publisher={American Psychological Association}
}
@article{roelofs2014,
  title={A dorsal-pathway account of aphasic language production: The {WEAVER++/ARC} model},
  author={Roelofs, Ardi},
  journal={Cortex},
  volume={59},
  pages={33--48},
  year={2014},
  publisher={Elsevier}
}
@article{eliasmith2012,
  title={A large-scale model of the functioning brain},
  author={Eliasmith, Chris and Stewart, Terrence C and Choo, Xuan and Bekolay, Trevor and DeWolf, Travis and Tang, Yichuan and Rasmussen, Daniel},
  journal={Science},
  volume={338},
  number={6111},
  pages={1202--1205},
  year={2012},
  publisher={American Association for the Advancement of Science}
}
@article{schiller1996,
  title={A comparison of lexeme and speech syllables in {Dutch}},
  author={Schiller, Niels O and Meyer, Antje S and Baayen, R Harald and Levelt, Willem JM},
  journal={Journal of Quantitative Linguistics},
  volume={3},
  number={1},
  pages={8--28},
  year={1996},
  publisher={Taylor \& Francis}
}
@inproceedings{hanson1999,
  title={Development of rules for controlling the {HLsyn} speech synthesizer},
  author={Hanson, Helen M and McGowan, Richard S and Stevens, Kenneth N and Beaudoin, Robert E},
  booktitle={IEEE International Conference on Acoustics, Speech, and Signal Processing},
  volume={1},
  pages={85--88},
  year={1999},
  organization={IEEE}
}
@inproceedings{iskarous2003,
  title={{CASY}: The {Haskins} configurable articulatory synthesizer},
  author={Iskarous, Khalil and Goldstein, L and Whalen, Douglas H and Tiede, M and Rubin, P},
  booktitle={International Congress of Phonetic Sciences},
  pages={185--188},
  year={2003}
}
@inproceedings{kroger2014,
  title={Modeling speech production using the {Neural Engineering Framework}},
  author={Kroger, Bernd J and Bekolay, Trevor and Eliasmith, Chris},
  booktitle={IEEE Conference on Cognitive Infocommunications},
  pages={203--208},
  year={2014},
  organization={IEEE}
}
@inproceedings{birkholz2006,
  title={Construction and control of a three-dimensional vocal tract model},
  author={Birkholz, Peter and Jack{\`e}l, Dietmar and Kr{\"o}ger, Bernd J},
  booktitle={IEEE International Conference on Acoustics, Speech and Signal Processing},
  volume={1},
  pages={873--876},
  year={2006},
  organization={IEEE}
}
@manual{birkholz2013,
  author={Birkholz, Peter},
  title={VocalTractLab 2.1 User Manual},
  language={English},
  version={2.1},
  organization={Technische Universit\"{a}t Dresden},
  pagetotal={27},
  pubstate={September 24, 2013},
  year={2013}
}
@article{hogan2009,
  title={Sensitivity of smoothness measures to movement duration, amplitude, and arrests},
  author={Hogan, Neville and Sternad, Dagmar},
  journal={Journal of Motor Behavior},
  volume={41},
  number={6},
  pages={529--534},
  year={2009},
  publisher={Taylor \& Francis}
}
@article{macneil2011,
  title={Fine-tuning and the stability of recurrent neural networks},
  author={MacNeil, David and Eliasmith, Chris},
  journal={PlOS ONE},
  volume={6},
  number={9},
  pages={e22885},
  year={2011},
  publisher={Public Library of Science}
}
@inproceedings{bekolay2013a,
  title={Simultaneous unsupervised and supervised learning of cognitive functions in biologically plausible spiking neural networks},
  author={Bekolay, Trevor and Kolbeck, Carter and Eliasmith, Chris},
  booktitle={Conference of the Cognitive Science Society},
  pages={169--174},
  year={2013}
}
@manual{nieto-castanon2011,
  author={Alfonso Nieto-Castanon},
  title={Simulink DIVA model},
  language={English},
  version={v2011},
  organization={Speech Lab at Boston University},
  pagetotal={17},
  year={2011},
  pubstate={December 11, 2015}
}
@article{cao2014,
  title={Interconnected growing self-organizing maps for auditory and semantic acquisition modeling},
  author={Cao, Mengxue and Li, Aijun and Fang, Qiang and Kaufmann, Emily and Kr{\"o}ger, Bernd J},
  journal={Frontiers in Psychology},
  volume={5},
  year={2014},
  publisher={Frontiers Media SA}
}
@article{choe1998,
  title={Self-organization and segmentation in a laterally connected orientation map of spiking neurons},
  author={Choe, Yoonsuck and Miikkulainen, Risto},
  journal={Neurocomputing},
  volume={21},
  number={1},
  pages={139--158},
  year={1998},
  publisher={Elsevier}
}
@article{zwicker1961,
  title={Subdivision of the audible frequency range into critical bands ({F}requenzgruppen)},
  author={Zwicker, Eberhard},
  journal={The Journal of the Acoustical Society of America},
  volume={33},
  number={2},
  pages={248},
  year={1961}
}
@mastersthesis{crawford2014,
  title={Biologically plausible, human-scale knowledge representation},
  school={University of Waterloo},
  author={Crawford, Eric},
  year={2014}
}
@inproceedings{hain1999,
  title={The 1998 {HTK} system for transcription of conversational telephone speech},
  author={Hain, Thomas and Woodland, Phil C and Niesler, Thomas R and Whittaker, Edward WD},
  booktitle={IEEE International Conference on Acoustics, Speech, and Signal Processing},
  volume={1},
  pages={57--60},
  year={1999},
  organization={IEEE}
}
@article{gaikwad2010,
  title={A review on speech recognition technique},
  author={Gaikwad, Santosh K and Gawali, Bharti W and Yannawar, Pravin},
  journal={International Journal of Computer Applications},
  volume={10},
  number={3},
  pages={16--24},
  year={2010}
}
@article{alam2013,
  title={Low-variance multitaper {M}el-frequency cepstral coefficient features for speech and speaker recognition systems},
  author={Alam, Md Jahangir and Kenny, Patrick and O'Shaughnessy, Douglas},
  journal={Cognitive Computation},
  volume={5},
  number={4},
  pages={533--544},
  year={2013},
  publisher={Springer}
}
@inproceedings{graves2006,
  title={Connectionist temporal classification: labelling unsegmented sequence data with recurrent neural networks},
  author={Graves, Alex and Fern{\'a}ndez, Santiago and Gomez, Faustino and Schmidhuber, J{\"u}rgen},
  booktitle={International Conference on Machine Learning},
  pages={369--376},
  year={2006},
  organization={ACM}
}
@phdthesis{graves2008,
  title={Supervised sequence labelling with recurrent neural networks},
  author={Graves, Alex},
  year={2008},
  school={Technische Universit{\"a}t M{\"u}nchen}
}
@article{fernandez2008,
  title={Phoneme recognition in {TIMIT} with {BLSTM-CTC}},
  author={Fern{\'a}ndez, Santiago and Graves, Alex and Schmidhuber, J{\"u}rgen},
  journal={arXiv preprint arXiv:0804.3269},
  year={2008}
}
@inproceedings{logan2000,
  title={Mel Frequency Cepstral Coefficients for Music Modeling},
  author={Logan, Beth},
  booktitle={International Symposium on Music Information Retrieval},
  pages={1--11},
  year={2000}
}
@article{tchorz1999,
  title={A model of auditory perception as front end for automatic speech recognition},
  author={Tchorz, J{\"u}rgen and Kollmeier, Birger},
  journal={The Journal of the Acoustical Society of America},
  volume={106},
  number={4},
  pages={2040--2050},
  year={1999},
  publisher={Acoustical Society of America}
}
@inproceedings{dimitriadis2005,
  title={Auditory {T}eager energy cepstrum coefficients for robust speech recognition.},
  author={Dimitriadis, Dimitrios and Maragos, Petros and Potamianos, Alexandros},
  booktitle={Interspeech},
  pages={3013--3016},
  year={2005}
}
@inproceedings{schluter2007,
  title={Gammatone features and feature combination for large vocabulary speech recognition},
  author={Schluter, Ralf and Bezrukov, L and Wagner, Hannes and Ney, Hermann},
  booktitle={IEEE International Conference on Acoustics, Speech and Signal Processing},
  volume={4},
  pages={646--649},
  year={2007},
  organization={IEEE}
}
@inproceedings{shao2009,
  title={An auditory-based feature for robust speech recognition},
  author={Shao, Yang and Jin, Zhaozhang and Wang, DeLiang and Srinivasan, Soundararajan},
  booktitle={IEEE International Conference on Acoustics, Speech and Signal Processing},
  pages={4625--4628},
  year={2009},
  organization={IEEE}
}
@article{stern2012,
  title={Hearing is believing: Biologically-inspired feature extraction for robust automatic speech recognition},
  author={Stern, R and Morgan, Nelson},
  journal={IEEE Signal Processing Magazine},
  volume={29},
  number={34-43},
  pages={170},
  year={2012}
}
@article{chan2007,
  title={{AER EAR}: A matched silicon cochlea pair with address event representation interface},
  author={Chan, Vincent and Liu, Shih-Chii and Van Schaik, Andr{\'e}},
  journal={IEEE Transactions on Circuits and Systems},
  volume={54},
  number={1},
  pages={48--59},
  year={2007},
  publisher={IEEE}
}
@inproceedings{hamilton2008,
  title={Analogue {VLSI} implementations of two dimensional, nonlinear, active cochlea models},
  author={Hamilton, Tara Julia and Tapson, Jonathan and Jin, Craig and Van Schaik, Andr{\'e}},
  booktitle={Biomedical Circuits and Systems Conference},
  pages={153--156},
  year={2008},
  organization={IEEE}
}
@article{wen2009,
  title={A silicon cochlea with active coupling},
  author={Wen, Bo and Boahen, Kwabena},
  journal={IEEE Transactions on Biomedical Circuits and Systems},
  volume={3},
  number={6},
  pages={444--455},
  year={2009},
  publisher={IEEE}
}
@article{karuppuswamy2013,
  title={Folded architecture for digital {G}ammatone filter used in speech processor of cochlear implant},
  author={Karuppuswamy, Rajalakshmi and Arumugham, Kandaswamy and Priya M., Swathi},
  journal={Electronics and Telecommunications Research Institute Journal},
  volume={35},
  number={4},
  pages={697--705},
  year={2013},
  publisher={Electronics and Telecommunications Research Institute}
}
@article{liu2010,
  title={Neuromorphic sensory systems},
  author={Liu, Shih-Chii and Delbruck, Tobi},
  journal={Current Opinion in Neurobiology},
  volume={20},
  number={3},
  pages={288--295},
  year={2010},
  publisher={Elsevier}
}
@article{fee2004,
  title={Neural mechanisms of vocal sequence generation in the songbird},
  author={Fee, Michale S and Kozhevnikov, Alexay A and Hahnloser, Richard HR},
  journal={Annals of the New York Academy of Sciences},
  volume={1016},
  number={1},
  pages={153--170},
  year={2004},
  publisher={Wiley Online Library}
}
@article{fee2010,
  title={The songbird as a model for the generation and learning of complex sequential behaviors},
  author={Fee, Michale S and Scharff, Constance},
  journal={Institute for Laboratory Animal Research Journal},
  volume={51},
  number={4},
  pages={362--377},
  year={2010},
  publisher={Oxford University Press}
}
@mastersthesis{choo2010,
  title={The ordinal serial encoding model: serial memory in spiking neurons},
  school={University of Waterloo},
  author={Choo, Feng-Xuan},
  year={2010}
}
@article{saltzman1989,
  title={A dynamical approach to gestural patterning in speech production},
  author={Saltzman, Elliot L and Munhall, Kevin G},
  journal={Ecological Psychology},
  volume={1},
  number={4},
  pages={333--382},
  year={1989},
  publisher={Taylor \& Francis}
}
@article{nam2004,
  title={{TADA}: An enhanced, portable {Task Dynamics} model in {MATLAB}},
  author={Nam, Hosung and Goldstein, Louis and Saltzman, Elliot and Byrd, Dani},
  journal={The Journal of the Acoustical Society of America},
  volume={115},
  number={5},
  pages={2430--2430},
  year={2004},
  publisher={Acoustical Society of America}
}
@article{saltzman1987,
  title={Skilled actions: a task-dynamic approach.},
  author={Saltzman, Elliot and Kelso, JA},
  journal={Psychological Review},
  volume={94},
  number={1},
  pages={84},
  year={1987},
  publisher={American Psychological Association}
}
@article{saltzman2000,
  title={Task-dynamics of gestural timing: Phase windows and multifrequency rhythms},
  author={Saltzman, Elliot and Byrd, Dani},
  journal={Human Movement Science},
  volume={19},
  number={4},
  pages={499--526},
  year={2000},
  publisher={Elsevier}
}
@inproceedings{nam2003,
  title={A competitive, coupled oscillator model of syllable structure},
  author={Nam, Hosung and Saltzman, Elliot},
  booktitle={International Congress of Phonetic Sciences},
  volume={1},
  pages={2253--2256},
  year={2003}
}
@article{goldstein2009,
  title={Coupled oscillator planning model of speech timing and syllable structure},
  author={Goldstein, Louis and Nam, Hosung and Saltzman, Elliot and Chitoran, Ioana},
  journal={Frontiers in Phonetics and Speech Science},
  pages={239--250},
  year={2009},
  publisher={Commercial Press Beijing}
}
@article{slotine1987,
  title={On the adaptive control of robot manipulators},
  author={Slotine, Jean-Jacques E and Li, Weiping},
  journal={The International Journal of Robotics Research},
  volume={6},
  number={3},
  pages={49--59},
  year={1987},
  publisher={Sage Publications}
}
@inproceedings{mitra2014,
  title={Articulatory features from deep neural networks and their role in speech recognition},
  author={Mitra, Ved and Sivaraman, Gangadharan and Nam, Hosung and Espy-Wilson, Carol and Saltzman, Elliot},
  booktitle={International Conference on Acoustics, Speech and Signal Processing},
  pages={3017--3021},
  year={2014},
  organization={IEEE}
}
@inproceedings{mitra2012,
  title={Normalized amplitude modulation features for large vocabulary noise-robust speech recognition},
  author={Mitra, Vikramjit and Franco, Horacio and Graciarena, Martin and Mandal, Arindam},
  booktitle={International Conference on Acoustics, Speech and Signal Processing},
  pages={4117--4120},
  year={2012},
  organization={IEEE}
}
@inproceedings{mlich2008,
  title={Trajectory classification based on hidden {M}arkov models},
  author={Ml{\i}ch, Jozef and Chmelar, Petr},
  booktitle={International Conference on Computer Graphics and Vision},
  pages={101--105},
  year={2008}
}
@article{nascimento2010,
  title={Trajectory classification using switched dynamical hidden {M}arkov models},
  author={Nascimento, Jacinto C and Figueiredo, M{\'a}rio AT and Marques, Jorge S},
  journal={IEEE Transactions on Image Processing},
  volume={19},
  number={5},
  pages={1338--1348},
  year={2010},
  publisher={IEEE}
}
@article{mitra2007,
  title={Gesture recognition: A survey},
  author={Mitra, Sushmita and Acharya, Tinku},
  journal={IEEE Transactions on Systems, Man, and Cybernetics, Part C: Applications and Reviews},
  volume={37},
  number={3},
  pages={311--324},
  year={2007},
  publisher={IEEE}
}
@article{weinland2011,
  title={A survey of vision-based methods for action representation, segmentation and recognition},
  author={Weinland, Daniel and Ronfard, Remi and Boyer, Edmond},
  journal={Computer Vision and Image Understanding},
  volume={115},
  number={2},
  pages={224--241},
  year={2011},
  publisher={Elsevier}
}
@article{rautaray2015,
  title={Vision based hand gesture recognition for human computer interaction: a survey},
  author={Rautaray, Siddharth S and Agrawal, Anupam},
  journal={Artificial Intelligence Review},
  volume={43},
  number={1},
  pages={1--54},
  year={2015},
  publisher={Springer}
}
@article{kiliboz2015,
  title={A hand gesture recognition technique for human--computer interaction},
  author={K{\i}l{\i}boz, Nurettin {\c{C}}a{\u{g}}r{\i} and G{\"u}d{\"u}kbay, U{\u{g}}ur},
  journal={Journal of Visual Communication and Image Representation},
  volume={28},
  pages={97--104},
  year={2015},
  publisher={Elsevier}
}
@article{caramiaux2014,
  title={Adaptive gesture recognition with variation estimation for interactive systems},
  author={Caramiaux, Baptiste and Montecchio, Nicola and Tanaka, Atau and Bevilacqua, Fr{\'e}d{\'e}ric},
  journal={ACM Transactions on Interactive Intelligent Systems},
  volume={4},
  number={4},
  pages={18},
  year={2014},
  publisher={ACM}
}
@incollection{bevilacqua2010,
  title={Continuous realtime gesture following and recognition},
  author={Bevilacqua, Fr{\'e}d{\'e}ric and Zamborlin, Bruno and Sypniewski, Anthony and Schnell, Norbert and Gu{\'e}dy, Fabrice and Rasamimanana, Nicolas},
  booktitle={Gesture in Embodied Communication and Human--Computer Interaction},
  pages={73--84},
  year={2010},
  publisher={Springer}
}
@incollection{bevilacqua2011,
  title={Online gesture analysis and control of audio processing},
  author={Bevilacqua, Fr{\'e}d{\'e}ric and Schnell, Norbert and Rasamimanana, Nicolas and Zamborlin, Bruno and Gu{\'e}dy, Fabrice},
  booktitle={Musical Robots and Interactive Multimodal Systems},
  pages={127--142},
  year={2011},
  publisher={Springer}
}
@inproceedings{ng2005,
  title={Continuous time particle filtering},
  author={Ng, Brenda and Pfeffer, Avi and Dearden, Richard},
  booktitle={International Joint Conference on Artificial Intelligence},
  volume={19},
  pages={1360},
  year={2005}
}
@article{buesing2011,
  title={Neural dynamics as sampling: a model for stochastic computation in recurrent networks of spiking neurons},
  author={Buesing, Lars and Bill, Johannes and Nessler, Bernhard and Maass, Wolfgang},
  journal={PLOS Computational Biology},
  volume={7},
  number={11},
  pages={e1002211},
  year={2011}
}
@inproceedings{johannesma1972,
  title={The pre-response stimulus ensemble of neurons in the cochlear nucleus},
  author={Johannesma, Peter IM},
  booktitle={Symposium on Hearing Theory},
  pages={58--69},
  year={1972},
  organization={IPO Eindhoven}
}
@article{deboer1975,
  title={Synthetic whole-nerve action potentials for the cat},
  author={De Boer, E},
  journal={The Journal of the Acoustical Society of America},
  volume={58},
  number={5},
  pages={1030--1045},
  year={1975},
  publisher={Acoustical Society of America}
}
@article{patterson1976,
  title={Auditory filter shapes derived with noise stimuli},
  author={Patterson, Roy D},
  journal={The Journal of the Acoustical Society of America},
  volume={59},
  number={3},
  pages={640--654},
  year={1976},
  publisher={Acoustical Society of America}
}
@incollection{patterson1992,
  title={Auditory models as preprocessors for speech recognition},
  author={Patterson, Roy D and Holdsworth, John and Allerhand, Michael},
  booktitle={The Auditory Processing of Speech: from Sounds to Words},
  pages={67--89},
  year={1992},
  publisher={Walter de Gruyter}
}
@techreport{slaney1993,
  title={An efficient implementation of the {P}atterson-{H}oldsworth auditory filter bank},
  author={Slaney, Malcolm},
  institution={Apple Computer},
  number={35},
  pages={1--42},
  year={1993}
}
@article{unoki2001,
  title={Improvement of an {IIR} asymmetric compensation gammachirp filter},
  author={Unoki, Masashi and Irino, Toshio and Patterson, Roy D},
  journal={Acoustical Science and Technology},
  volume={22},
  number={6},
  pages={429--433},
  year={2001}
}
@article{irino1997,
  title={A time-domain, level-dependent auditory filter: The gammachirp},
  author={Irino, Toshio and Patterson, Roy D},
  journal={The Journal of the Acoustical Society of America},
  volume={101},
  number={1},
  pages={412--419},
  year={1997},
  publisher={Acoustical Society of America}
}
@article{lopez2001,
  title={A human nonlinear cochlear filterbank},
  author={Lopez-Poveda, Enrique A and Meddis, Ray},
  journal={The Journal of the Acoustical Society of America},
  volume={110},
  number={6},
  pages={3107--3118},
  year={2001},
  publisher={Acoustical Society of America}
}
@article{meddis2001,
  title={A computational algorithm for computing nonlinear auditory frequency selectivity},
  author={Meddis, Ray and O'Mard, Lowel P and Lopez-Poveda, Enrique A},
  journal={The Journal of the Acoustical Society of America},
  volume={109},
  number={6},
  pages={2852--2861},
  year={2001},
  publisher={Acoustical Society of America}
}
@article{irino2006,
  title={A dynamic compressive gammachirp auditory filterbank},
  author={Irino, Toshio and Patterson, Roy D},
  journal={IEEE Transactions on Audio, Speech, and Language Processing},
  volume={14},
  number={6},
  pages={2222--2232},
  year={2006},
  publisher={IEEE}
}
@article{tan2003,
  title={A phenomenological model for the responses of auditory-nerve fibers: {II}. {N}onlinear tuning with a frequency glide},
  author={Tan, Qing and Carney, Laurel H},
  journal={The Journal of the Acoustical Society of America},
  volume={114},
  number={4},
  pages={2007--2020},
  year={2003},
  publisher={Acoustical Society of America}
}
@article{zhang2001,
  title={A phenomenological model for the responses of auditory-nerve fibers: {I}. {N}onlinear tuning with compression and suppression},
  author={Zhang, Xuedong and Heinz, Michael G and Bruce, Ian C and Carney, Laurel H},
  journal={The Journal of the Acoustical Society of America},
  volume={109},
  number={2},
  pages={648--670},
  year={2001},
  publisher={Acoustical Society of America}
}
@article{carney1993,
  title={A model for the responses of low-frequency auditory-nerve fibers in cat},
  author={Carney, Laurel H},
  journal={The Journal of the Acoustical Society of America},
  volume={93},
  number={1},
  pages={401--417},
  year={1993},
  publisher={Acoustical Society of America}
}
@article{goodman2008,
  title={Brian: a simulator for spiking neural networks in {P}ython},
  author={Goodman, Dan and Brette, Romain},
  journal={Frontiers in Neuroinformatics},
  volume={2},
  year={2008},
  publisher={Frontiers Research Foundation}
}
@article{bekolay2013,
  title={Nengo: a {P}ython tool for building large-scale functional brain models},
  author={Bekolay, Trevor and Bergstra, James and Hunsberger, Eric and DeWolf, Travis and Stewart, Terrence C and Rasmussen, Daniel and Choo, Xuan and Voelker, Aaron Russell and Eliasmith, Chris},
  journal={Frontiers in Neuroinformatics},
  volume={7},
  year={2013},
  publisher={Frontiers Media SA}
}
@inproceedings{schaal2005,
  title={Learning movement primitives},
  author={Schaal, Stefan and Peters, Jan and Nakanishi, Jun and Ijspeert, Auke},
  booktitle={International Symposium on Robotics Research},
  pages={561--572},
  year={2005},
  organization={Springer}
}
@incollection{schaal2006,
  title={Dynamic movement primitives--{A} framework for motor control in humans and humanoid robotics},
  author={Schaal, Stefan},
  booktitle={Adaptive Motion of Animals and Machines},
  pages={261--280},
  year={2006},
  publisher={Springer}
}
@article{ijspeert2007,
  title={From swimming to walking with a salamander robot driven by a spinal cord model},
  author={Ijspeert, Auke Jan and Crespi, Alessandro and Ryczko, Dimitri and Cabelguen, Jean-Marie},
  journal={Science},
  volume={315},
  number={5817},
  pages={1416--1420},
  year={2007},
  publisher={American Association for the Advancement of Science}
}
@article{vijayakumar2005,
  title={Incremental online learning in high dimensions},
  author={Vijayakumar, Sethu and D'souza, Aaron and Schaal, Stefan},
  journal={Neural Computation},
  volume={17},
  number={12},
  pages={2602--2634},
  year={2005},
  publisher={MIT Press}
}
@article{ijspeert2013,
  title={Dynamical movement primitives: learning attractor models for motor behaviors},
  author={Ijspeert, Auke Jan and Nakanishi, Jun and Hoffmann, Heiko and Pastor, Peter and Schaal, Stefan},
  journal={Neural Computation},
  volume={25},
  number={2},
  pages={328--373},
  year={2013},
  publisher={MIT Press}
}
@article{georgopoulos1986,
  title={Neuronal population coding of movement direction},
  author={Georgopoulos, Apostolos P and Schwartz, Andrew B and Kettner, Ronald E},
  journal={Science},
  volume={233},
  number={4771},
  pages={1416--1419},
  year={1986},
  publisher={American Association for the Advancement of Science}
}
@book{lawson1974,
  title={Solving least squares problems},
  author={Lawson, Charles L and Hanson, Richard J},
  volume={161},
  year={1974},
  publisher={SIAM}
}
@misc{eliasmith2011,
  author={Eliasmith, Chris},
  title={Notes from {SYDE750}},
  url={http://compneuro.uwaterloo.ca/research/syde-750.html},
  year={2011}
}
@phdthesis{plate1994,
  title={Distributed representations and nested compositional structure},
  author={Plate, Tony A},
  year={1994},
  school={University of Toronto}
}
@article{stewart2011,
  title={A biologically realistic cleanup memory: Autoassociation in spiking neurons},
  author={Stewart, Terrence C and Tang, Yichuan and Eliasmith, Chris},
  journal={Cognitive Systems Research},
  volume={12},
  number={2},
  pages={84--92},
  year={2011},
  publisher={Elsevier}
}
@article{smolensky1990,
  title={Tensor product variable binding and the representation of symbolic structures in connectionist systems},
  author={Smolensky, Paul},
  journal={Artificial Intelligence},
  volume={46},
  number={1},
  pages={159--216},
  year={1990},
  publisher={Elsevier}
}
@article{vanderwalt2011,
  title={The {NumPy} array: a structure for efficient numerical computation},
  author={Van Der Walt, Stefan and Colbert, S Chris and Varoquaux, Gael},
  journal={Computing in Science \& Engineering},
  volume={13},
  number={2},
  pages={22--30},
  year={2011},
  publisher={AIP Publishing}
}
@misc{jones2015,
  author={Eric Jones and Travis Oliphant and Pearu Peterson and others},
  title={{SciPy}: Open source scientific tools for {Python}},
  year={2001--},
  url={http://www.scipy.org/},
  note={[Accessed 2015-12-14]}
}
@article{hunter2007,
  title={Matplotlib: A {2D} graphics environment},
  author={Hunter, John D},
  journal={Computing in Science and Engineering},
  volume={9},
  number={3},
  pages={90--95},
  year={2007}
}
@misc{waskom2014,
  author={Michael Waskom and
          Olga Botvinnik and
          Paul Hobson and
          John B. Cole and
          Yaroslav Halchenko and
          Stephan Hoyer and
          Alistair Miles and
          Tom Augspurger and
          Tal Yarkoni and
          Tobias Megies and
          Luis Pedro Coelho and
          Daniel Wehner and
          cynddl and
          Erik Ziegler and
          diego0020 and
          Yury V. Zaytsev and
          Travis Hoppe and
          Skipper Seabold and
          Phillip Cloud and
          Miikka Koskinen and
          Kyle Meyer and
          Adel Qalieh and
          Dan Allan},
  title={Seaborn: v0.5.0},
  month=nov,
  year=2014,
  doi={10.5281/zenodo.12710}
}
@inproceedings{furui1986,
  title={Speaker-independent isolated word recognition based on emphasized spectral dynamics},
  author={Furui, Sadaoki},
  booktitle={International Conference on Acoustics, Speech, and Signal Processing},
  volume={11},
  pages={1991--1994},
  year={1986},
  organization={IEEE}
}
@inproceedings{kumar2011,
  title={Delta-spectral cepstral coefficients for robust speech recognition},
  author={Kumar, Kshitiz and Kim, Chanwoo and Stern, Richard M},
  booktitle={International Conference on Acoustics, Speech and Signal Processing},
  pages={4784--4787},
  year={2011},
  organization={IEEE}
}
@article{young2003,
  title={Integration-differentiation and gating of carotid afferent traffic that shapes the respiratory pattern},
  author={Young, Daniel L and Eldridge, Frederick L and Poon, Chi-Sang},
  journal={Journal of Applied Physiology},
  volume={94},
  number={3},
  pages={1213--1229},
  year={2003},
  publisher={Am Physiological Soc}
}
@article{dunn2004,
  title={A neural network model of chemotaxis predicts functions of synaptic connections in the nematode Caenorhabditis elegans},
  author={Dunn, Nathan A and Lockery, Shawn R and Pierce-Shimomura, Jonathan T and Conery, John S},
  journal={Journal of Computational Neuroscience},
  volume={17},
  number={2},
  pages={137--147},
  year={2004},
  publisher={Springer}
}
@article{jonas1993,
  title={Quantal components of unitary {EPSC}s at the mossy fibre synapse on {CA3} pyramidal cells of rat hippocampus.},
  author={Jonas, Peter and Major, Guy and Sakmann, Bert},
  journal={The Journal of Physiology},
  volume={472},
  number={1},
  pages={615--663},
  year={1993},
  publisher={Wiley Online Library}
}
@article{holstein2004,
  title={Convergence of excitatory and inhibitory hair cell transmitters shapes vestibular afferent responses},
  author={Holstein, Gay R and Rabbitt, Richard D and Martinelli, Giorgio P and Friedrich, Victor L and Boyle, Richard D and Highstein, Stephen M},
  journal={Proceedings of the National Academy of Sciences},
  volume={101},
  number={44},
  pages={15766--15771},
  year={2004},
  publisher={National Academy of Sciences}
}
@article{sah1990,
  title={Properties of excitatory postsynaptic currents recorded in vitro from rat hippocampal interneurones.},
  author={Sah, Pankaj and Hestrin, Shaul and Nicoll, Roger A},
  journal={The Journal of Physiology},
  volume={430},
  number={1},
  pages={605--616},
  year={1990},
  publisher={Wiley Online Library}
}
@book{koch1998,
  title={Biophysics of Computation: Information Processing in Single Neurons},
  author={Koch, Christof},
  year={1998},
  publisher={Oxford University Press}
}
@article{bogacz2006,
  title={The physics of optimal decision making: a formal analysis of models of performance in two-alternative forced-choice tasks.},
  author={Bogacz, Rafal and Brown, Eric and Moehlis, Jeff and Holmes, Philip and Cohen, Jonathan D},
  journal={Psychological Review},
  volume={113},
  number={4},
  pages={700},
  year={2006},
  publisher={American Psychological Association}
}
@inproceedings{ratanamahatana2004,
  title={Everything you know about dynamic time warping is wrong},
  author={Ratanamahatana, Chotirat Ann and Keogh, Eamonn},
  booktitle={Workshop on Mining Temporal and Sequential Data},
  year={2004},
  organization={ACM}
}
@article{fan2008,
  title={{LIBLINEAR}: A library for large linear classification},
  author={Fan, Rong-En and Chang, Kai-Wei and Hsieh, Cho-Jui and Wang, Xiang-Rui and Lin, Chih-Jen},
  journal={The Journal of Machine Learning Research},
  volume={9},
  pages={1871--1874},
  year={2008},
  publisher={JMLR.org}
}
@article{pedregosa2011,
  title={Scikit-learn: Machine learning in {P}ython},
  author={Pedregosa, Fabian
          and Varoquaux, Ga{\"e}l
          and Gramfort, Alexandre
          and Michel, Vincent
          and Thirion, Bertrand
          and Grisel, Olivier
          and Blondel, Mathieu
          and Prettenhofer, Peter
          and Weiss, Ron
          and Dubourg, Vincent
          and Vanderplas, Jake
          and Passos, Alexandre
          and Cournapeau, David
          and Brucher, Matthieu
          and Perrot, Matthieu
          and Duchesnay, {\'E}douard},
  journal={The Journal of Machine Learning Research},
  volume={12},
  pages={2825--2830},
  year={2011},
  publisher={JMLR. org}
}
@article{milo2010,
  title={Bio{N}umbers--the database of key numbers in molecular and cell biology},
  author={Milo, Ron and Jorgensen, Paul and Moran, Uri and Weber, Griffin and Springer, Michael},
  journal={Nucleic Acids Research},
  volume={38},
  number={suppl 1},
  pages={D750--D753},
  year={2010},
  publisher={Oxford University Press}
}
@article{smiley2013,
  title={Hemispheric asymmetry of primary auditory cortex and {H}eschl's gyrus in schizophrenia and nonpsychiatric brains},
  author={Smiley, John F and Hackett, Troy A and Preuss, Todd M and Bleiwas, Cynthia and Figarsky, Khadija and Mann, J John and Rosoklija, Gorazd and Javitt, Daniel C and Dwork, Andrew J},
  journal={Psychiatry Research: Neuroimaging},
  volume={214},
  number={3},
  pages={435--443},
  year={2013},
  publisher={Elsevier}
}
@article{needleman1970,
  title={A general method applicable to the search for similarities in the amino acid sequence of two proteins},
  author={Needleman, Saul B and Wunsch, Christian D},
  journal={Journal of Molecular Biology},
  volume={48},
  number={3},
  pages={443--453},
  year={1970},
  publisher={Elsevier}
}
@mastersthesis{bekolay2011,
  title={Learning in large-scale spiking neural networks},
  author={Bekolay, Trevor},
  school={University of Waterloo},
  year={2011}
}
